3884 5525
460 667 551 710 xxxtt
895 644 1156 701 ructuantibus.

461 816 542 879 dinio
558 824 677 880 secutas
692 834 762 881 csse
775 815 936 900 Epistulas,
953 828 1014 881 tnm
1026 817 1152 895 Satires,
1171 828 1259 899 atque
1275 816 1343 881 binc
1357 816 1482 901 amplius
1498 816 1592 900 liquet

461 924 564 986 Artem
584 922 730 1006 poeticam
749 933 818 985 ante
840 922 948 986 librum
971 919 1113 1009 ἐπῳδῶν
1132 945 1169 987 ac
1190 934 1257 1007 post
1273 924 1413 987 Carmina
1433 924 1464 987 iu
1487 926 1590 989 codem

375 1109 381 1119 „
463 1030 567 1093 codice
578 1030 717 1113 scriptam
730 1028 841 1093 luisse:
862 1050 931 1093 nam
941 1030 973 1092 in
986 1030 1113 1093 uetustis
1125 1030 1210 1096 libris
1225 1052 1346 1095 carmen
1358 1030 1513 1095 saeculare
1529 1051 1590 1093 uon

461 1148 531 1199 aute
547 1138 599 1199 sed
615 1146 682 1219 post
696 1131 851 1222 ἐπῳδούς
864 1137 1012 1219 sequitur.
1037 1136 1320 1201 Eundem'ordincm
1342 1138 1446 1201 iuueni
1466 1138 1496 1201 iu
1518 1138 1592 1203 duo·

460 1244 515 1307 bus
531 1244 680 1307 codicibus
695 1243 808 1305 saeculi
824 1242 943 1321 decimi,
968 1242 1018 1325 qui
1035 1244 1132 1307 uetari
1147 1244 1301 1307 blandinio
1324 1244 1426 1309 multis
1447 1244 1479 1307 iu
1502 1244 1591 1309 rebns

462 1350 576 1415 similes
598 1361 687 1426 sunt,
712 1349 748 1410 de
772 1348 878 1430 quibus
899 1370 973 1411 mox
994 1350 1111 1413 dicendi
1133 1350 1217 1413 locus
1239 1351 1309 1413 erit.
1341 1353 1400 1414 lam
1424 1351 1514 1415 etiam
1535 1352 1592 1417 lanc

462 1456 677 1539 quodammodo
693 1456 817 1539 patebit,
835 1456 1017 1523 curSatirae
1033 1435 1099 1519 sinc
1114 1456 1235 1520 scholiis
1252 1456 1381 1539 scriptae
1398 1458 1527 1521 luerint:
1546 1458 1591 1521 ni·

461 1564 567 1626 mirum
583 1562 633 1644 qui
648 1562 779 1625 codicem
795 1564 877 1639 lecit,
893 1564 1032 1625 albinam
1049 1562 1130 1645 longi
1146 1563 1245 1647 operis
1261 1574 1390 1645 partem,
1415 1539 1526 1627 scholia
1542 1585 1591 1631 sa·

461 1670 527 1733 tiris
543 1690 660 1751 quoque
676 1670 821 1745 addenda,
840 1669 934 1752 primo
950 1668 1075 1741 distulit,
1093 1690 1165 1731 mox
1181 1670 1290 1733 addere
1306 1670 1415 1733 oblitus
1431 1681 1489 1733 est.

384 1757 387 1763 Ι
547 1775 696 1858 Cruquius
727 1787 860 1839 ueterem
882 1774 1068 1837 Blandininm
1094 1785 1145 1837 aut
1170 1798 1224 1839 suo
1253 1776 1373 1840 nomine
1395 1778 1591 1861 (antiquissi-

461 1906 555 1962 mum,
573 1884 830 1962 uetustmsimum)
845 1891 952 1944 testem
968 1880 1119 1957 laudauit,
1144 1894 1197 1945 aut
1218 1904 1284 1945 cum
1302 1884 1410 1947 ceteris
1426 1882 1590 1965 Blandiuiis

461 1990 569 2067 simul,
594 1998 646 2052 aut
667 2009 733 2050 cum
749 1986 829 2051 omni
844 2006 969 2049 numero
990 1986 1125 2049 undecim
1142 1988 1272 2051 codicum
1295 2011 1313 2053 a
1334 2010 1367 2053 se
1388 1990 1591 2074 inspectorum

460 2097 635 2181 complexus
652 2105 709 2159 est.
733 2093 896 2157 Maximam
912 2093 998 2155 iidem
1015 2093 1066 2157 illa
1087 2094 1262 2159 testimonia·
1277 2107 1448 2171 merentur,
1471 2096 1503 2159 in
1526 2096 1591 2179 qui·
1620 2097 1627 2107 '

461 2204 516 2269 bus
540 2205 576 2265 de
600 2212 704 2266 uetere
726 2200 886 2283 separatim
908 2200 1034 2263 relatum
1059 2211 1116 2263 est.
1139 2201 1275 2267 Nanuius
1298 2226 1351 2287 pro
1376 2224 1430 2265 suc
1453 2202 1590 2266 instituto
1694 2176 1718 2245 i

462 2312 624 2393 scripturas
640 2307 788 2371 blandinii
799 2328 864 2369 uon
887 2306 1038 2385 enotauit,
1064 2309 1223 2373 nonnullas
1248 2322 1348 2373 tamen
1369 2308 1526 2372 occasione
1547 2309 1590 2371 le-

461 2427 547 2480 rante
577 2413 775 2502 memorauit.
796 2413 830 2474 ln
859 2412 906 2475 bis
935 2414 1030 2476 semel
1051 2434 1068 2475 a
1089 2411 1220 2495 Crnqnio
1243 2414 1399 2493 dissentit,
1429 2417 1497 2479 dum
1526 2414 1590 2497 ipse

463 2525 564 2587 Carm.
582 2522 634 2585 llll
655 2524 693 2583 14
712 2524 747 2582 11
766 2520 955 2604 Breunosque
971 2539 1012 2581 ex
1028 2530 1131 2583 uetere
1146 2520 1302 2583 blandinio
1318 2521 1421 2599 affert,
1440 2520 1590 2603 Cruquins

461 2630 666 2715 Breunosque
681 2648 722 2689 ex
735 2625 900 2688 Blandiniis
923 2626 1018 2689 tribus
1035 2626 1080 2704 (b.
1099 2647 1127 2689 e.
1146 2646 1186 2687 ex
1207 2637 1311 2689 uetere
1335 2637 1364 2691 et
1387 2626 1500 2691 duobus
1522 2626 1589 2691 aliis

462 2737 627 2802 blandiciis
650 2734 687 2798 ad
707 2733 790 2796 illum
812 2733 910 2796 locum
932 2732 1090 2818 inspectis)
1113 2732 1259 2817 producit.
1286 2732 1344 2796 Sed
1367 2734 1495 2798 fortasse
1510 2733 1590 2798 Bre-

461 2827 588 2930 mosque
610 2840 782 2904 Gruteriaui
802 2839 932 2924 exempli
955 2841 1010 2920 (cl.
1035 2840 1153 2923 Prolcg.
1175 2862 1201 2902 o.
1221 2839 1268 2924 l),
1285 2860 1342 2920 quo
1364 2839 1429 2902 solo
1452 2839 1495 2902 uti
1517 2838 1589 2902 milti

346 2949 350 2955 ’
460 2951 554 3024 licuit,
574 2947 677 3010 uitium
694 2958 758 3025 est3
784 2947 861 3029 quod
875 2967 940 3009 cum
957 2969 1018 3009 non
1034 2955 1205 3024 constaret,
1227 2965 1291 3008 rem
1314 2944 1345 3008 iu
1362 2944 1515 3034 notatione
1529 2941 1589 3008 'cri-

392 3102 395 3108 -
461 3058 519 3120 tica
535 3053 654 3117 silentio
670 3053 835 3136 praeterire
854 3054 957 3116 malui.

544 3159 638 3223 Vetus
654 3158 828 3241 blandicias
844 3161 870 3223 si
887 3163 964 3223 foret
983 3169 1153 3243 superstes,
1178 3157 1256 3220 buno
1272 3157 1375 3221 ducem
1392 3167 1422 3222 et
1437 3168 1587 3220 auctorem

461 3271 527 3331 lars
541 3265 649 3348 ubique
665 3267 750 3348 sequi
764 3287 941 3350 possemus:
966 3285 1045 3328 nuuc
1060 3265 1091 3327 in
1106 3277 1172 3328 arto
1187 3285 1238 3329 rcs
1255 3276 1318 3342 est,
1345 3287 1411 3328 cum
1427 3263 1492 3328 eius
1508 3263 1588 3326 codi-

381 3361 383 3367 ’
460 3375 504 3437 cis
525 3373 689 3456 scripturas
710 3373 844 3456 plurimis
866 3374 940 3436 locis
964 3372 1132 3436 nesciamus
1163 3383 1193 3434 et
1216 3371 1339 3454 Cruquii
1363 3370 1483 3435 silentio
1504 3383 1602 3434 num-¹

459 3502 546 3563 quam
568 3479 642 3544 satis
662 3479 785 3542 credere
805 3480 964 3562 possimus.
989 3479 1047 3540 Sed
1070 3497 1140 3541 ecoe
1162 3498 1222 3540 non
1244 3479 1330 3542 deest
1352 3478 1587 3562 supplementum

460 3577 681 3670 gratissimum,
705 3586 782 3668 quod
805 3586 1012 3669 suppeditatur
1034 3583 1070 3662 ab
1094 3585 1227 3648 eiusdem
1253 3585 1366 3648 sacculi
1389 3584 1460 3648 noui
1487 3582 1587 3646 codice

459 3691 622 3769 Beruensi,
646 3691 701 3754 cui
722 3711 864 3754 numerus
886 3701 934 3756 est
956 3693 1017 3755 363
1022 3737 1038 3785 )
1070 3691 1208 3775 plagulae
1231 3694 1456 3762 membraneus,
1491 3673 1585 3748 forma

458 3800 613 3882 quadrata,
630 3798 796 3862 litterarum
812 3801 905 3880 figura
920 3797 1071 3860 Saxonica
1088 3798 1203 3873 minor,
1224 3807 1310 3858 uetans
1326 3792 1421 3877 patria
1436 3803 1585 3856 monaste·

459 3907 534 3969 mum
552 3892 696 3969 Gallicum
712 3905 914 3967 Flore'ocense
928 3904 964 3963 ad
982 3901 1088 3964 danaen
1104 3902 1244 3984 Ligerem
1261 3897 1380 3981 (Loire)
1396 3908 1427 3960 et
1441 3918 1502 3960 non
1517 3919 1586 3981 pro·
1613 3951 1617 3961 ι

457 4014 506 4075 cul
521 4013 557 4076 ab
571 4011 693 4075 Aurelia
709 4009 865 4091 (Orleaus)
881 4006 951 4068 olim
968 4007 1138 4082 conditum,
1158 4027 1236 4068 rroua
1252 4005 1338 4069 sedes
1354 4004 1391 4068 ab
1406 4025 1495 4068 auno·
1505 4007 1585 4070 1632

457 4119 636 4182 bibliotheca
651 4116 782 4180 ciuitatis
798 4111 1006 4192 bernensis*).

525 4255 550 4318 ')
576 4255 613 4304 [le
636 4254 734 4318 origine
760 4252 882 4302 librorum
902 4256 1018 4299 ueterum
1046 4247 1217 4298 bibliothecae
1239 4247 1375 4300 Berneusis
1402 4249 1465 4300 baec
1487 4249 1583 4299 notoni.

421 4346 423 4350 ⁴
456 4325 566 4377 abbatia
582 4324 802 4374 benedictinorum
815 4321 842 4369 S.
854 4318 968 4368 Floriani
981 4319 1035 4379 (St.
1046 4317 1141 4384 Flerp)
1155 4323 1227 4366 tanta
1239 4317 1313 4383 copia
1326 4319 1448 4370 bonorum
1461 4319 1583 4370 librorum
1676 4339 1679 4344 ·

457 4394 613 4456 abundabat,
627 4399 656 4441 nt
668 4390 790 4456 praesidii
804 4403 881 4438 causa
893 4387 973 4437 firmis
987 4401 1113 4441 murorum
1127 4386 1290 4436 munimentis
1303 4387 1461 4451 cingeretur.
1491 4386 1584 4437 Verum

455 4463 557 4512 moenia
577 4476 592 4511 a
612 4460 736 4515 militibus
750 4456 946 4507 protestantium
965 4462 1110 4522 expugnata
1129 4461 1188 4505 suot
1206 4470 1271 4504 anuo
1287 4455 1368 4518 1562,
1390 4456 1543 4505 biblictbeen
1558 4455 1582 4502 in
1638 4475 1640 4478 ·

454 4532 576 4597 praedam
596 4529 684 4578 cessit.
715 4526 810 4576 Partim
831 4540 891 4575 aere
911 4526 971 4574 dato
990 4541 1006 4575 a
1024 4523 1164 4588 militibus,
1188 4525 1280 4590 purtim
1300 4523 1383 4586 gratia
1402 4525 1472 4585 regis
1491 4522 1584 4572 Gallici

351 4634 354 4641 .
454 4613 571 4664 magnam
590 4603 689 4663 partem
708 4595 830 4644 librorum
850 4594 981 4659 reporauit
999 4595 1097 4646 Petrus
1110 4593 1209 4643 Daniel
1226 4594 1366 4642 aduncatus
1378 4591 1581 4641 Aurelianensis.

454 4668 477 4718 A
490 4667 605 4718 Danielis
624 4661 776 4714 haeredibus
793 4669 890 4727 partem
911 4663 1032 4714 librorum
1052 4678 1076 4714 a.
1091 4662 1155 4712 1603
1169 4661 1231 4711 emit
1243 4660 1343 4710 Paulus
1358 4660 1486 4712 Patauina
1507 4661 1584 4726 (baec
