3884 5525
967 595 1107 647 nonnuli
1140 608 1142 613 ·

726 766 854 843 prodeat
868 767 961 827 iustis
977 771 1105 843 operata
1119 767 1230 843 sacris,

727 881 759 939 et
774 892 864 938 soror
879 877 955 939 clari
971 877 1059 939 ducis
1073 881 1105 939 et
1119 878 1251 940 decorae

674 1067 699 1095 ,ἡ
727 988 866 1065 supplice
881 988 961 1049 uitta

727 1142 888 1218 uirginum
902 1146 1019 1203 matres
1035 1142 1247 1217 iuuenumque
1261 1156 1361 1217 nuper

725 1254 889 1329 sospitum.
921 1267 991 1329 uos,
1010 1253 1130 1328 opueri
1147 1256 1178 1313 et
1192 1253 1314 1328 puellae

726 1364 788 1425 iam
804 1364 909 1425 uirum
925 1367 1083 1440 expertae,
1102 1363 1183 1425 male
1198 1364 1366 1425 nominatis

702 1456 706 1461 ’
725 1475 842 1550 parcite
857 1475 975 1537 uernis.

728 1626 778 1688 hic
794 1628 860 1689 dies
876 1640 951 1689 uere
966 1627 1041 1688 mllrl
1056 1627 1158 1689 festus
1173 1630 1260 1689 atras

727 1739 844 1800 eximet
858 1754 971 1801 curas:
990 1752 1050 1815 ego
1065 1754 1123 1801 noc
1137 1738 1308 1801 tumultum

544 1962 569 2011 6.
592 1961 672 2011 saeris
684 1960 778 2021 Ande
790 1960 843 2011 duo
857 1962 1014 2012 Blandona.-
1039 1962 1109 2011 diuis
1122 1962 1204 2013 ΗΣω.
1307 1961 1351 2011 10.
1369 1960 1454 2026 puelle
1468 1959 1499 2010 G.

479 2031 518 2079 11.
538 2037 644 2095 experte
659 2030 691 2080 B.
776 2030 912 2080 nominatis
925 2030 1001 2081 Aur!
1018 2046 1082 2081 corr
1094 2032 1156 2081 Bor:
1175 2029 1295 2079 eminetis
1311 2045 1349 2095 pr
1362 2030 1431 2089 ΒςΣ
1446 2028 1602 2079 afflando·-

475 2102 545 2148 niue.
637 2098 749 2149 13-14.
769 2098 809 2149 lie
822 2100 879 2148 dies
892 2126 923 2135 -
938 2115 1014 2149 curas
1027 2100 1182 2149 Priscianus
1196 2098 1266 2149 xvii
1280 2099 1309 2149 21
1328 2099 1385 2149 162.
1477 2098 1518 2147 14.
1539 2098 1603 2147 uxi-

438 2170 448 2183 ⁴
474 2174 526 2217 met
539 2166 650 2217 BGHeo:
670 2168 757 2229 exigot
769 2167 802 2227 A,
823 2167 904 2231 exigit
917 2168 1053 2218 Prisciani
1064 2168 1132 2218 titre·
1143 2173 1208 2218 tres.

527 2438 557 2489 6.,
577 2441 658 2487 iactis
679 2443 791 2504 operata
810 2444 913 2490 oacrio.-
936 2441 1016 2491 uerbo
1059 2454 1133 2489 sacra
1154 2438 1232 2488 fient:
1258 2452 1314 2486 nam
1336 2452 1508 2503 qaaecumque
1530 2435 1605 2487 exul-

475 2512 589 2572 operata
607 2514 735 2573 tamquam
748 2508 845 2558 eoristo
860 2508 1017 2559 Graecorum
1060 2508 1125 2557 tanti
1137 2507 1240 2557 laetitia
1253 2506 1321 2555 iuter
1337 2522 1426 2572 preces
1443 2504 1605 2556 metrum‘lo·

474 2591 535 2624 usus
548 2583 596 2638 est,
608 2583 637 2625 ut
647 2578 743 2627 uitaret
754 2577 879 2640 ingratum
891 2594 1016 2641 operans.
1059 2583 1182 2641 queretur,
1201 2576 1284 2624 aliena
1300 2582 1375 2624 erunt
1388 2583 1414 2625 et
1425 2575 1486 2625 mali
1498 2575 1603 2625 ominis.

474 2644 629 2695 lustasacro
643 2653 702 2695 sunt
720 2660 785 2710 qnae
804 2662 847 2711 pro
865 2649 944 2697 tontis
958 2647 1019 2696 deo·
1059 2644 1163 2694 Puellae
1187 2652 1311 2693 uocantur
1341 2645 1440 2694 nomine
1469 2641 1605 2712 ὑποκορι-

442 2752 450 2767 e
474 2728 528 2764 rum
549 2713 679 2764 beneficiis
699 2714 755 2764 inre
775 2714 876 2766 dantur.
903 2716 1018 2768 Alteram
1060 2714 1146 2778 στικῷ
1166 2728 1260 2763 uxores
1273 2728 1361 2763 recens
1376 2713 1446 2777 (ante
1460 2714 1606 2780 expeditio-

474 2783 627 2848 seripturom
641 2787 721 2834 tastis
735 2784 806 2836 dicte
819 2792 921 2836 ueteres
936 2785 1018 2835 inter·
1060 2799 1114 2833 nem
1137 2782 1341 2848 Hispaniensem)
1364 2783 1389 2830 in
1413 2783 1604 2832 matrimonium

474 2860 558 2916 pretes
575 2854 657 2902 secuti
676 2859 734 2902 sunt
753 2859 779 2902 et
798 2853 943 2919 explicant,
962 2849 1017 2919 ‘qni
1059 2853 1164 2912 duetae;
1179 2852 1213 2900 ci.
1225 2851 1259 2900 ΙΙΙ
1271 2851 1303 2900 22
1315 2852 1343 2899 2:
1356 2851 1512 2901 laborantes
1523 2857 1604 2902 utero

475 2921 581 2970 Caesari
595 2920 729 2972 uictoriam
743 2921 769 2971 e't
785 2923 894 2972 reditum
908 2923 1016 2973 merenti
1056 2921 1180 2985 paedor,-
1200 2921 1280 2984 llpod.
1296 2920 1373 2982 321,
1392 2919 1476 2969 Serto.
1492 2920 1500 2969 l
1522 2920 1536 2969 2
1556 2922 1602 2971 72.

474 2984 616 3051 dederunt’,
638 2991 704 3053 qnod
723 2991 798 3052 longe
818 2991 1017 3055 petitumestet
1058 2989 1175 3040 imitatus
1199 2996 1239 3038 est
1263 2989 1370 3039 Ouidius
1392 2987 1464 3039 Fast.
1488 2988 1510 3038 lt
1532 2991 1603 3040 451:

473 3057 583 3106 alienum
596 3072 611 3106 a
626 3058 736 3107 dilucido
749 3059 809 3106 stilo
824 3059 933 3110 Horatii.
1053 3073 1149 3123 poree,
1159 3073 1268 3122 precor,
1280 3058 1408 3121 grauidis
1413 3059 1527 3122 facilis,
1549 3059 1604 3108 Lu·

1058 3129 1134 3187 cina,
1156 3125 1275 3190 puellis,
1305 3132 1498 3190 maturumque
1520 3133 1604 3178 atero

1057 3194 1178 3242 molliter
1196 3184 1261 3260 effer
1281 3211 1365 3258 onus5
1387 3195 1448 3244 item
1471 3195 1604 3246 iuuenalis

1057 3261 1078 3312 ΙΙ
1093 3262 1140 3311 59:
1156 3262 1262 3312 dederit
1274 3267 1355 3314 atoue
1367 3280 1415 3312 our
1427 3265 1515 3314 malta
1525 3266 1605 3329 poet·

1058 3331 1101 3380 loe
1119 3331 1205 3394 (uxori
1224 3334 1309 3395 snae).
1336 3333 1479 3382 Puellarum
1498 3334 1603 3384 illarum

1057 3400 1143 3449 mariti
1153 3407 1235 3465 poert
1251 3403 1429 3461 nominantur,
1449 3402 1491 3467 qui
1511 3403 1604 3452 admo-

1058 3469 1116 3518 do·
1134 3469 1241 3520 iuuenes
1259 3472 1365 3536 primam
1377 3471 1493 3520 militiam
1507 3472 1605 3521 tolera·

1058 3545 1159 3588 norant.
1187 3539 1314 3590 contla
1330 3541 1376 3602 16,
1397 3539 1429 3588 27
1448 3540 1490 3591 20.
1518 3539 1603 3606 nptl

1110 3675 1222 3726 11-12.
1243 3677 1315 3726 reale
1332 3680 1479 3727 nominalis
1489 3681 1603 3741 parcite

525 3157 632 3206 7-10.
653 3163 682 3206 et
699 3159 813 3208 decorae
826 3185 860 3196 -
872 3175 960 3226 nuper
971 3177 1016 3210 so·

472 3228 589 3288 spitum:
603 3225 627 3272 in
638 3225 738 3288 publica
749 3228 933 3290 supplicatione
943 3229 1015 3291 (ltine

471 3293 591 3356 supplice
605 3295 690 3354 tritta)
704 3304 729 3342 et
745 3295 873 3344 sacrificio
887 3303 943 3361 post
956 3311 1016 3346 eon-

472 3361 554 3423 inqem
568 3367 595 3410 et
607 3376 720 3410 sororem
735 3362 896 3428 imperatoris
906 3366 1015 3430 primum

473 3430 553 3478 locum
572 3429 722 3480 obtinebunt
740 3439 834 3481 matres
853 3433 971 3484 iuuenum
985 3435 1015 3484 il·

471 3498 569 3558 lorum,
593 3498 635 3562 qui
660 3499 797 3549 incolumes
812 3517 877 3568 ¹eum
899 3502 1014 3568 Angusto

471 3573 645 3630 renerurntur,
658 3575 801 3634 matresque
811 3571 937 3634 uirginum
949 3589 1014 3638 qnae

472 3636 636 3686 redeuntibus
658 3637 858 3690 adulescentulis
880 3647 939 3690 ante
964 3643 1016 3692 iter

471 3705 639 3768 Hispaniense
652 3706 684 3755 ab
697 3707 736 3756 his
751 3706 844 3758 laetum
858 3717 1014 3775 nupserunt;
1057 3746 1165 3794 uem:
1194 3745 1271 3794 ΝΜ
1296 3744 1362 3793 mle
1387 3745 1515 3793 nominata
1539 3753 1603 3796 sunt

472 3774 504 3854 ⁰fJ
522 3773 544 3853 η
558 3774 573 3823 8
587 3774 644 3832 22²·
656 3790 741 3840 ”uper
760 3780 881 3859 virgin?
900 3785 1013 3845 mm·
1057 3812 1111 3876 ἔπη
1133 3806 1300 3879 δυσώνυμα,
1321 3812 1338 3859 i.
1359 3827 1383 3859 e.
1403 3811 1482 3859 uerbo
1504 3814 1600 3865 malum

471 3842 602 3904 Vffssmum
623 3851 718 3894 mum
736 3860 782 3910 pm
804 3845 889 3897 remu
909 3864 1016 3912 geum
1056 3897 1126 3930 omen
1141 3880 1286 3930 inferentia,
1307 3877 1376 3927 llaec
1389 3879 1491 3928 silentio
1505 3895 1599 3931 cauen-

471 3926 541 3973 rnm,
562 3913 681 3962 iuuenum
699 3921 793 3965 matres
813 3931 858 3981 pro
878 3916 931 3966 nita
950 3917 1015 3966 lilio-
1056 3957 1114 4011 tm
1133 3949 1167 3997 cf¹
1184 3948 1243 3997 ΠΗ
1259 3947 1290 3995 2²
1302 3947 1527 4013 sapetelppgmp,
1554 3951 1600 4000 Αι-

471 3994 523 4026 tum
538 3987 625 4044 sities
638 3989 724 4044 ⁰3⁰⁰&
1055 4025 1111 4066 tera
1125 4024 1247 4080 notusque
1260 4014 1387 4078 scriptura
1405 4019 1476 4067 male
1495 4023 1599 4069 omina-

523 4082 646 4133 10-11.
666 4100 731 4146 ooo,
752 4090 860 4150 apocri
871 4088 1014 4151 etpuellae
1056 4089 1092 4134 tis
1111 4085 1181 4134 lietu
1201 4081 1378 4146 conlegitimo
1398 4094 1497 4149 peccat.
1523 4089 1598 4138 Bent-
1704 4123 1709 4130 ,

469 4153 524 4200 iam
549 4154 640 4202 uirum
665 4159 811 4218 aepactae:
843 4155 868 4204 io
898 4155 1012 4220 pedestri
1053 4151 1598 4215 leinshineieeitinome’aate'e‚sedoerlta

469 4233 585 4268 sermone
608 4220 722 4271 dicturos
745 4221 808 4284 init,
832 4240 881 4273 aaa
902 4226 972 4286 ipsi,
995 4239 1012 4273 o
1054 4223 1289 4271 maleinome'nata
1310 4220 1394 4271 forent
1414 4223 1470 4274 dira
1492 4232 1518 4274 et
1537 4226 1598 4274 alto-

465 4291 548 4352 puero'
558 4293 587 4337 et
595 4289 702 4354 puellae
714 4297 763 4340 cet.
789 4291 894 4342 Scilicet
905 4299 1013 4340 uocetur·
1054 4291 1190 4352 minanda,
1213 4296 1242 4339 nt
1254 4289 1334 4354 Epod.
1353 4291 1384 4340 16
1397 4292 1430 4342 38
1445 4297 1597 4344 inominata

468 4363 558 4420 poeta,
579 4373 610 4408 ne
629 4359 700 4424 pueri
720 4359 858 4408 redeuntes
870 4365 897 4408 et
909 4359 1010 4423 puellae
1054 4358 1154 4408 cratitio
1177 4365 1237 4408 sunt
1258 4359 1351 4410 cubilia
1375 4361 1437 4411 diris
1458 4371 1597 4413 execratae

468 4425 509 4476 tis
528 4433 630 4490 nuptum
653 4428 728 4478 datae
749 4433 835 4475 mutuo
858 4433 961 4490 aspectu
984 4434 1012 4478 et
1054 4425 1162 4476 Flaccus
1175 4427 1261 4493 pneris
1275 4437 1301 4478 et
1314 4431 1460 4480 recentibus
1474 4432 1598 4482 uxoribus

467 4494 561 4554 gaudio
576 4493 660 4546 felicis
674 4493 806 4544 reditionis
821 4495 1010 4559 supramodum
1054 4495 1118 4545 nihil
1143 4497 1192 4548 nisi
1218 4497 1346 4548 silentium
1371 4499 1522 4565 imperauit,
1548 4517 1597 4550 non

467 4569 493 4610 et
506 4570 594 4612 contra
615 4563 692 4612 decus
711 4561 828 4626 publicae
847 4563 1011 4628 supplicatio·
1053 4566 1201 4632 expectauit
1213 4567 1292 4617 nerto
1305 4567 1483 4619 abominanda.

401 4649 404 4655 ·
468 4628 506 4676 nis
519 4630 656 4680 laetentur.
678 4627 783 4693 Vtrique
801 4631 930 4695 tacebunt,
950 4634 1009 4684 dum
1107 4635 1219 4686 13-28.
1240 4636 1360 4702 Sequitur
1372 4637 1453 4688 altera
1468 4652 1526 4703 pars
1539 4652 1598 4687 car·
