3884 5525
455 678 500 720 χχ
887 648 1151 703 Paotuuotttttttt.

456 836 532 909 quae
548 822 681 887 carmina
698 820 735 885 ab
749 820 816 905 ipso
832 821 965 886 Caesare
979 820 1142 885 Octauiano
1158 817 1277 883 laudata
1292 827 1323 883 et
1338 817 1501 902 approbata
1517 832 1586 883 sont

456 928 871 1015 (lecherm.11184cum
893 926 1087 991 annotatione
1111 930 1202 1006 mea),
1228 925 1292 989 siue
1315 925 1346 987 in
1368 927 1585 991 transmarinas

457 1036 628 1122 prouincias
650 1036 687 1099 ad
710 1054 743 1097 se
767 1034 859 1098 missa
880 1034 954 1117 legit
974 1035 1039 1097 siue
1068 1051 1212 1095 reuersus
1240 1030 1272 1093 in
1301 1031 1405 1095 urbem
1430 1032 1582 1114 cognouit.

456 1144 541 1207 Alios
564 1142 730 1207 uersiculos
752 1144 788 1203 ad
813 1142 909 1225 lyram
937 1141 1103 1203 cantandos
1133 1139 1236 1201 elicuit
1257 1137 1396 1202 Caesaris
1427 1140 1585 1203 reditionis

458 1251 626 1333 expectatio
641 1249 668 1331 (1
685 1251 723 1326 6,
746 1248 876 1326 11129),
901 1268 997 1311 nouos
1013 1245 1054 1323 (11
1073 1246 1126 1327 18)
1151 1258 1212 1309 tres
1235 1245 1375 1329 triumphi
1396 1246 1585 1330 imperatoris

457 1358 591 1441 regressi
621 1360 665 1436 (a.
692 1355 887 1432 725=2et‚
918 1352 995 1415 alios
1015 1352 1198 1415 Maecenatis
1228 1363 1258 1415 et
1283 1351 1412 1435 Augusti
1441 1364 1528 1429 unta,
1555 1363 1586 1415 ut

457 1462 600 1526 Horatius
616 1462 816 1523 Romanorum
839 1459 954 1524 animos
977 1459 1012 1523 ab
1035 1458 1108 1542 ipsis
1131 1459 1331 1523 emendandos
1354 1459 1485 1523 moribus
1501 1458 1585 1523 latis-

456 1552 515 1650 que
543 1568 659 1650 legibus
689 1589 707 1629 a
737 1567 827 1629 rebus
858 1565 1026 1630 inhonestis
1062 1567 1247 1629 reducendos
1283 1566 1370 1629 editis
1405 1564 1585 1629 carminibus

456 1674 679 1759 praeceptisque
702 1674 805 1737 amicis
828 1674 974 1738 formaret
996 1674 1050 1755 (cl.
1074 1673 1213 1735 Prooem.
1233 1672 1333 1735 Carm.
1352 1672 1363 1733 1
1386 1675 1446 1749 32,
1473 1672 1511 1735 lll
1538 1674 1582 1753 1),

455 1782 532 1845 alios
554 1780 681 1863 Augusti
703 1790 807 1862 coepta
828 1780 859 1843 in
875 1779 1001 1842 Galliam
1025 1790 1055 1843 et
1070 1779 1250 1843 Britanniam
1275 1779 1437 1863 profecturi
1460 1783 1502 1858 (a.
1522 1780 1592 1841 727
1635 1846 1640 1857 ,

460 1916 496 1945 =
507 1890 576 1966 27),
595 1897 627 1949 ut
641 1886 777 1949 externis
793 1885 928 1949 uictoriis
943 1885 1075 1949 ciuilium
1091 1886 1238 1951 bellorum
1257 1886 1401 1949 memoria
1416 1884 1586 1947 aboleretur

456 1993 575 2073 (135);
599 2012 695 2055 nouos
710 1990 765 2073 (lll
783 1995 837 2072 14)
860 1993 987 2069 cecinit,
1015 1992 1065 2057 ubi
1088 1994 1200 2057 Caesar
1221 1991 1376 2075 Augustus
1398 1992 1487 2055 rediit
1507 1992 1584 2071 (730

459 2128 495 2155 =
507 2101 562 2180 24)
578 2108 610 2161 et
624 2097 741 2175 morbo,
753 2097 785 2161 in
801 2118 888 2181 quem
903 2122 976 2163 mox
990 2100 1148 2175 inciderat,
1167 2100 1310 2163 liberatus
1327 2119 1414 2163 omne
1429 2090 1585 2183 imperium

457 2228 475 2269 a
498 2204 631 2288 patribus
653 2204 782 2267 delatum
806 2206 921 2290 accepit
943 2206 1006 2285 (12
1025 2217 1055 2268 et
1074 2207 1139 2289 12).
1166 2205 1247 2268 lnter
1269 2206 1323 2269 hos
1345 2206 1428 2289 quasi
1451 2206 1584 2289 publicos

459 2310 578 2374 labores
593 2310 682 2372 etiam
699 2312 811 2374 amoris
827 2312 874 2374 sui
891 2323 920 2375 et
934 2313 1097 2375 amicorum
1114 2334 1202 2375 causa
1224 2312 1361 2375 barbiton
1384 2314 1506 2375 tendere
1525 2333 1584 2374 non

458 2417 568 2480 oblitus
589 2428 653 2492 est,
677 2416 714 2480 de
736 2418 841 2500 quibus
863 2419 978 2483 lusibus
1000 2420 1035 2481 ad
1058 2419 1191 2502 singulas
1213 2419 1333 2502 eclogas
1354 2420 1493 2482 diximus.
1525 2418 1585 2480 Sub

457 2522 633 2588 boemanni
651 2524 725 2600 733,
742 2523 791 2587 ubi
807 2525 868 2587 uim
883 2526 995 2589 amoris
1011 2526 1157 2589 defecisse
1173 2524 1279 2602 sensit,
1302 2526 1435 2589 carmina
1450 2526 1588 2607 resigna⁴

456 2630 663 2710 1111011211),
688 2651 786 2715 neque
802 2632 948 2715 proximis
971 2633 1154 2717 temporibus
1176 2654 1193 2693 n
1215 2630 1340 2693 consilio
1361 2643 1448 2715 capto
1472 2630 1586 2695 destitit

458 2748 510 2800 aut
523 2737 689 2802 Maecenati
704 2739 826 2823 antiquo
841 2738 912 2804 ludo
925 2739 1079 2804 includere
1096 2748 1194 2802 uatem
1211 2736 1323 2820 optanti
1340 2737 1489 2801 concessit
1504 2737 1586 2820 (lege

392 2852 397 2862 ”
456 2844 595 2907 Prooem.
612 2845 677 2928 Epl.
693 2848 706 2909 Ι
724 2850 768 2926 1),
788 2848 845 2910 nisi
861 2848 937 2929 quod
953 2844 1115 2930 singularis
1131 2843 1279 2906 amicitiae
1294 2844 1392 2925 gratia
1408 2863 1486 2905 anno
1503 2843 1585 2906 urbis
1622 2886 1627 2897 -

458 2950 521 3014 734
537 2956 581 3029 (a.
600 2950 673 3013 Cbr.
692 2954 747 3032 20)
762 2973 854 3015 ιιιιιιιιι
868 2953 897 3035 (1
914 2957 965 3031 7),
992 2971 1071 3014 anno
1088 2954 1149 3014 735
1172 2951 1228 3012 duo
1252 2934 1384 3012 carmina
1406 2951 1486 3030 (13,
1511 2948 1584 3022 119)

457 3056 587 3121 suffecit.

543 3160 589 3224 Ad
612 3160 730 3242 Epodos
751 3158 868 3223 Actiaci
889 3160 960 3222 belli
983 3159 1086 3224 diebus
1110 3171 1140 3222 et
1163 3161 1308 3244 proximis
1331 3161 1420 3226 annis
1447 3173 1587 3245 quattuor

458 3265 530 3330 noui
551 3267 641 3329 additi
663 3276 752 3342 sunt,
783 3285 909 3348 quorum
930 3265 1056 3350 primum
1080 3270 1128 3346 (1)
1149 3268 1219 3330 belli
1244 3270 1368 3352 gerendi
1398 3269 1583 3352 expectatio,

418 3381 422 3386 '
458 3373 585 3436 alterum
600 3372 766 3436 ettertium
781 3371 894 3435 amoris
916 3372 964 3436 sui
986 3373 1119 3436 conditio
1143 3378 1198 3455 (14
1220 3387 1251 3438 et
1276 3379 1350 3455 15),
1375 3387 1512 3458 quartum
1536 3377 1585 3456 (3)

458 3478 546 3544 amici
562 3478 671 3542 caritas
683 3477 870 3561 prouocauit.
889 3479 960 3543 Post
970 3501 1079 3542 aunum
1092 3483 1153 3544 726
1171 3483 1241 3562 (28)
1253 3483 1372 3566 Epodns
1388 3484 1486 3548 nullos
1502 3483 1582 3546 fecit.

544 3584 591 3648 Ad
614 3584 765 3668 proprium
788 3584 937 3649 scribendi
962 3605 1058 3668 genus
1081 3587 1277 3652 Horatiauum
1301 3591 1480 3653 accedimus.
1515 3590 1586 3651 Post

458 3711 614 3755 sermones
630 3690 700 3755 libri
716 3692 848 3774 primia.
867 3695 927 3756 723
944 3693 1097 3756 absolutos
1113 3695 1253 3758 continuo
1277 3717 1382 3760 noua·
1406 3715 1507 3757 curam
1531 3715 1586 3756 ex·

459 3797 552 3860 ordiri
567 3797 691 3860 Flaccus
707 3796 855 3882 cupiebat.
881 3799 939 3861 Sed
960 3819 1137 3881 perannum
1155 3802 1217 3864 724
1234 3804 1304 3883 (30)
1321 3801 1413 3864 otium
1430 3799 1585 3864 subtilibus

458 3905 548 3967 rebus
563 3904 702 3967 idoneum
719 3904 850 3967 nancisci
865 3926 925 3968 non
941 3906 1046 3988 potuit.
1069 3905 1146 3969 Nam
1169 3907 1236 3968 dum
1253 3926 1293 3968 ex
1309 3906 1472 3990 prouinciis
1489 3917 1586 3968 trans-

459 4010 583 4072 marinis
599 4010 635 4073 de
651 4010 740 4073 rebus
757 4011 896 4074 Caesaris
918 4011 951 4073 in
967 4012 1030 4076 dies
1046 4033 1123 4074 noua
1140 4013 1315 4076 nuntiantur
1330 4014 1365 4076 ad
1382 4013 1585 4076 Maecenatem

459 4125 490 4177 et
504 4116 665 4201 Agrippam
682 4117 747 4178 urbi
763 4128 794 4180 et
810 4118 912 4181 ltaliae
927 4119 1133 4200 praepositos,
1151 4119 1217 4202 ipse
1233 4127 1263 4180 et
1278 4139 1333 4182 sua
1348 4139 1487 4182 curarum
1503 4117 1586 4180 solli-

459 4221 590 4284 citudine
620 4233 650 4285 ct
672 4222 800 4286 aliorum
825 4245 904 4288 noua
925 4225 1139 4288 sciscitantium
1155 4225 1323 4310 inportuna
1344 4226 1482 4310 cupidine
1504 4224 1586 4286 uarie

459 4339 589 4390 uexatus
605 4339 636 4391 et
651 4329 731 4391 mille
746 4330 876 4414 negotiis
898 4332 961 4394 lere
983 4351 1143 4415 oppressus
1166 4343 1223 4396 est.
1250 4331 1362 4411 Quibus
1384 4330 1530 4395 molestiis
1556 4339 1587 4391 ut

458 4454 527 4498 sese
543 4433 731 4500 subtraheret
746 4448 776 4501 et
791 4437 893 4502 satiris
908 4438 1051 4502 iaciendis
1066 4438 1174 4502 iterum
1191 4458 1223 4501 se
1246 4437 1397 4516 traderet,
1422 4435 1476 4500 sub
1498 4435 1585 4498 linem

459 4540 632 4605 Decembris
648 4540 730 4606 urbis
745 4544 902 4627 strepitum
917 4545 1005 4628 legit,
1026 4545 1055 4607 in
1071 4546 1224 4628 praedium
1240 4544 1382 4606 Sabinum
1398 4563 1432 4605 se
1447 4541 1583 4617 contulit,

459 4645 582 4730 ipsoque
596 4649 689 4732 primo
705 4649 752 4712 dic
767 4651 836 4714 anui
848 4653 916 4714 725
932 4651 1054 4735 primam
1070 4652 1193 4716 secundi
1212 4649 1279 4712 libri
1295 4648 1417 4712 satiram
1435 4645 1473 4727 (11
1491 4645 1524 4726 6)
1540 4645 1585 4708 in-
