3884 5525
456 690 526 733 xxx
779 682 783 688 “
888 668 1152 722 PROLEGOMENA.

457 840 549 904 libros
565 839 658 903 fuisse
673 840 739 904 eius
755 841 881 918 aetatis,
905 842 990 905 euius
1011 850 1074 903 toto
1092 851 1241 903 terrarum
1258 840 1330 904 orbe
1346 863 1424 905 unus
1441 866 1520 907 ntrnc
1535 866 1586 910 su-
1611 820 1618 827 ⁶

456 958 578 1031 perest,
604 968 722 1013 omnem
744 948 831 1011 fidem
854 948 993 1024 excedit,
1017 947 1070 1010 sed
1085 948 1122 1009 de
1137 968 1196 1009 uno
1215 957 1317 1011 uetere
1333 948 1489 1013 blandinio
1514 972 1586 1014 uere

456 1066 612 1136 narratum
629 1064 687 1129 est,
704 1076 771 1116 cnm
789 1056 945 1117 manifesta
961 1054 1146 1137 antiquitatis
1167 1066 1343 1137 argumenta
1360 1067 1390 1117 et
1404 1055 1541 1119 Nannius
1558 1068 1588 1120 et

458 1161 607 1243 Cruquius
637 1160 817 1242 agnouerint
846 1173 877 1223 et
904 1161 1111 1224 consentiente
1141 1160 1312 1223 testimonio
1339 1162 1584 1245 siguificauerint.

383 1303 388 1309 ·
459 1269 585 1331 Ceteros
608 1266 780 1329 blandinios
803 1290 870 1330 cunr
892 1278 1027 1330 uetustos
1050 1268 1184 1349 adeoque
1203 1260 1449 1332 tuetustissimos'
1471 1270 1587 1353 praedi·

357 1430 362 1443 ,
457 1386 505 1437 θυι
520 1373 680 1456 Cruquius,
699 1374 755 1435 hoc
771 1374 841 1435 fecit
855 1384 887 1435 ut
901 1374 1082 1456 praesidium
1099 1373 1156 1435 sibi
1171 1385 1302 1456 pararet,
1328 1376 1465 1456 quotiens
1482 1377 1588 1439 aduer-

458 1504 509 1545 sus
525 1481 684 1543 maximam
700 1479 827 1543 Lanuini
850 1482 1058 1543 auctoritatem
1080 1480 1186 1543 nititur
1206 1489 1258 1542 θυι
1280 1480 1311 1543 in
1334 1480 1494 1543 uerborum
1516 1503 1587 1543 con-

457 1600 545 1651 textu
560 1587 683 1669 uulgato
698 1585 762 1669 ipse
778 1586 887 1668 aliquid
903 1608 995 1650 ausus
1011 1596 1067 1649 est.
1093 1585 1168 1649 Nam
1185 1585 1354 1667 Cruquius,
1371 1586 1401 1647 id
1418 1589 1495 1668 quod
1512 1588 1587 1650 bene

459 1692 619 1757 tenendum
635 1703 692 1770 est,
708 1712 804 1773 neque
819 1703 924 1754 uetere
935 1691 1091 1754 Blandiuio
1108 1711 1203 1773 neque
1220 1692 1327 1754 ceteris
1344 1678 1438 1755 tribus
1454 1693 1498 1755 sic
1513 1716 1586 1759 usus
1623 1750 1627 1761 .

459 1812 525 1876 est,
549 1810 582 1862 ut
603 1799 653 1880 qui
669 1798 781 1886 nostris
797 1798 900 1860 diebus
916 1798 1033 1859 codices
1049 1819 1115 1860 eum
1131 1798 1296 1880 puluisculo
1312 1798 1450 1861 dicuntur
1472 1802 1587 1863 exhau-

458 1908 532 1976 rire.
564 1904 656 1965 lmmo
686 1902 779 1964 libros
809 1923 880 1965 suos
910 1914 980 1965 tune
1011 1913 1123 1965 tantum
1144 1904 1293 1987 inspexit,
1322 1925 1389 1966 cum
1410 1916 1461 1968 aut
1482 1908 1588 1989 ipsea

458 2011 585 2075 lectione
601 2010 731 2092 priorum
748 2008 911 2070 editionum
927 2009 1055 2073 recessit
1070 2021 1122 2073 aut
1135 2032 1190 2073 suo
1205 2011 1314 2074 iudicio
1330 2009 1440 2073 diffisus
1456 2010 1586 2075 lectores
1635 2021 1638 2025 ’

458 2138 530 2181 suos
545 2116 614 2177 inde
630 2114 712 2177 abire
728 2134 815 2197 posse
831 2107 973 2193 eredidit3
996 2116 1130 2198 inspexit
1149 2117 1257 2193 etiam,
1283 2137 1348 2177 cunr
1370 2118 1548 2201 scripturam
1570 2142 1587 2181 θ

459 2221 605 2286 Lambino
622 2219 775 2303 probatam
791 2220 854 2285 suis
871 2223 974 2304 opibus
991 2233 1043 2285 aut
1058 2222 1233 2285 confirmare
1245 2233 1309 2285 aut
1324 2224 1463 2287 refellere
1480 2223 1583 2287 uoluit.

459 2331 492 2393 ln
507 2328 617 2391 ceteris
633 2326 769 2390 omuibus
785 2338 958 2390 contextum
976 2320 1134 2391 uerborum
1151 2328 1267 2391 Horatii
1289 2328 1325 2391 ab
1341 2328 1417 2392 Aldo
1433 2340 1485 2393 aut
1500 2330 1587 2392 Lam·
1620 2327 1626 2335 ’

458 2436 527 2499 bino
551 2455 656 2498 secure
680 2433 828 2516 Cruquius
850 2436 982 2517 accepit'3
1007 2435 1168 2497 Lambinus
1190 2436 1253 2518 ipse
1269 2433 1407 2498 Aldinum
1433 2436 1586 2518 exemplar

460 2553 582 2630 secutus
599 2551 663 2620 est,
689 2542 827 2623 quotiens
850 2541 967 2604 codices
989 2541 1036 2603 sui
1056 2541 1131 2603 nibil
1153 2543 1224 2605 noui
1244 2564 1278 2605 ac
1294 2542 1400 2607 melius
1423 2562 1586 2626 suggerere

460 2649 517 2711 uisi
533 2658 604 2713 suut
618 2659 670 2710 aut
691 2647 756 2731 ipse
778 2669 794 2711 a
819 2648 991 2712 coniectura
1015 2648 1118 2711 critica
1141 2648 1346 2714 abstinendum
1369 2670 1435 2740 esse
1459 2650 1583 2733 putauit,

458 2754 551 2820 Aldus
567 2755 682 2840 priores
699 2754 844 2819 editiones
861 2754 1014 2840 expressit
1029 2766 1080 2819 aut
1095 2754 1222 2839 propriis
1238 2755 1364 2840 repertis
1378 2752 1584 2836 interpolauit.

461 2865 525 2927 lloc
541 2864 610 2945 quid
625 2863 664 2925 sit
679 2862 792 2926 duobus
809 2862 954 2944 exemplis
971 2883 1011 2924 ex
1028 2863 1106 2925 bona
1122 2873 1205 2946 parte
1222 2863 1341 2926 delectis
1357 2860 1583 2944 explicabimus.

460 2972 494 3033 ln
510 2991 600 3034 uersu
615 2990 695 3031 nono
712 2969 797 3052 epodi
814 2969 961 3032 undecimi
978 2971 1025 3050 (in
1042 2972 1111 3055 quis
1124 2980 1275 3032 nauantem
1293 2971 1431 3052 languor
1445 2975 1478 3028 ct
1492 2967 1586 3028 silen-

461 3079 548 3156 tium)
565 3097 618 3158 pro
641 3076 780 3159 languor
794 3074 887 3138 Aldus
908 3075 1100 3156 interpolauit
1121 3086 1154 3137 ct
1173 3077 1328 3160 languor,
1352 3075 1429 3154 quod
1451 3073 1481 3134 in
1505 3073 1586 3136 nullo

459 3183 536 3265 libro
558 3193 709 3265 repertum
733 3191 790 3245 est.
821 3180 890 3266 Aldi
913 3180 1174 3263 interpolationem
1199 3181 1345 3262 Cruquius
1369 3180 1483 3264 accepit
1503 3179 1586 3243 libris
1615 3169 1641 3264 ’-

458 3291 520 3354 suis
541 3310 638 3371 neque
659 3288 801 3373 inspectis
825 3308 921 3368 neque
943 3288 1126 3349 memoratis.
1151 3287 1231 3348 Idem
1249 3286 1397 3368 Cruquius
1413 3287 1513 3349 Carm.
1533 3287 1585 3349 llll

462 3400 499 3459 13
517 3397 556 3457 28
574 3395 741 3479 dilapsam,
756 3415 842 3476 quam
858 3394 983 3454 formam
996 3393 1156 3457 Lambinus
1174 3415 1213 3456 ex
1229 3392 1341 3472 aliquot
1356 3393 1507 3458 codicibus
1523 3394 1585 3458 suis

458 3523 512 3586 pro
529 3499 637 3563 tradita
653 3501 813 3585 delapsum
829 3499 991 3576 asciuerat,
1006 3500 1041 3562 ab
1059 3500 1113 3563 hoc
1130 3510 1251 3566 auctore
1267 3501 1388 3583 recepit,
1407 3501 1499 3564 libros
1515 3523 1585 3564 suos

459 3627 557 3689 neque
574 3606 724 3671 consuluit
743 3625 839 3689 neque
862 3607 1050 3696 memorauit.
1083 3605 1115 3668 ln
1137 3617 1240 3670 uetere
1257 3605 1413 3670 Blandinio
1430 3607 1584 3689 dilapsam

458 3715 551 3778 luisse
566 3713 676 3778 Nannii
691 3713 864 3775 testimonio
886 3713 1065 3796 accepimus.
1090 3713 1218 3775 Perinde
1236 3712 1403 3795 Cruquius,
1427 3722 1457 3774 et
1477 3711 1584 3773 iudicio

447 3808 561 3904 'parum
577 3820 679 3883 firmus
695 3829 725 3881 et
741 3818 885 3896 scientia,
904 3819 1038 3881 sublimis
1053 3820 1133 3882 inter
1148 3818 1255 3881 Aldum
1272 3829 1302 3880 et
1316 3816 1490 3880 Lambinum
1506 3837 1585 3880 sem-

458 3927 651 4010 perpendet,
676 3925 815 4009 quotiens
832 3945 953 3986 suorum
970 3925 1113 3988 librorum
1129 3924 1277 4008 praesidio
1294 3945 1354 3986 non
1369 3944 1441 3986 usus
1465 3933 1528 4002 est,
1553 3933 1586 3986 ut

458 4044 511 4096 aut
524 4033 631 4095 bonam
648 4032 805 4095 lectionem
822 4030 891 4094 inde
904 4043 1066 4114 reponeret
1087 4042 1138 4094 θυι
1156 4031 1269 4094 futilem
1286 4029 1485 4093 coniecturam
1502 4052 1584 4094 suam

458 4142 537 4203 tueri
552 4151 723 4203 conaretur.
748 4137 935 4220 Quapropter
957 4139 1083 4222 inperite
1107 4148 1199 4222 agunt
1218 4137 1267 4222 qui
1283 4137 1414 4219 Cruquio
1437 4137 1514 4200 ultra
1536 4159 1585 4200 co·

458 4248 555 4310 dicum
580 4245 751 4308 testimonia
773 4263 843 4306 esse
866 4245 1045 4306 credendum
1069 4243 1245 4327 opinantur,
1269 4243 1339 4305 item
1362 4242 1461 4304 inutili
1485 4242 1585 4304 labore

458 4355 679 4437 perfunguntur
694 4350 743 4433 qui
766 4349 906 4414 editionis
923 4350 1112 4431 Cruquianae
1131 4349 1275 4410 lectiones
1292 4347 1441 4410 codicibus
1457 4367 1518 4408 nun
1534 4347 1603 4407 lic-⁸

458 4469 553 4523 matas
569 4457 672 4522 sedulo
688 4457 879 4540 colligunt*).
905 4456 1000 4518 Porro
1016 4452 1171 4516 Blandinio
1190 4463 1293 4514 uetere
1311 4451 1459 4533 Cruquius
1474 4451 1585 4514 Nauuii

526 4612 550 4679 *)
570 4613 597 4663 ln
616 4620 747 4677 utrumque
766 4617 864 4676 partem
883 4607 1000 4671 peccauit
1017 4606 1059 4670 qui
1073 4620 1158 4669 ¹nuper
1177 4604 1308 4654 Horatium
1328 4605 1410 4655 edidit
1428 4606 1475 4656 boc
1492 4607 1583 4657 titulo:

460 4684 490 4748 Q.
508 4685 639 4734 Horatius
658 4681 780 4731 Flaccus.
813 4675 970 4737 liecensem,
992 4675 1114 4754 ¹codicum
1135 4673 1293 4724 selectorum
1315 4677 1411 4725 uarias
1432 4679 1585 4742 scripturas
