3884 5525
452 679 521 720 xxti
885 649 1148 704 Pnctncottnttt.

454 849 523 891 unm
539 844 711 889 sermonum
734 845 830 908 genus
845 823 1019 908 (epistulas)
1040 841 1240 907 aggressurus
1264 830 1385 887 ueteres
1410 830 1479 885 ante
1504 823 1583 887 ordi·

453 933 549 1011 nanit,
566 931 720 996 ordinatos
733 930 871 995 omnibus
886 930 1048 995 lectoribus
1063 928 1196 991 tradidit.

538 1039 601 1103 lam
616 1048 732 1121 tempus
748 1048 842 1101 estut
861 1037 1027 1099 carminum
1050 1034 1086 1097 ab
1102 1034 1225 1099 lloratio
1247 1034 1465 1118 publicatorum
1488 1058 1583 1101 annus

453 1146 623 1209 deliniatur.
648 1143 790 1207 Carmina
805 1164 871 1207 cnm
887 1154 970 1206 certa
985 1141 1141 1205 occasione
1163 1153 1193 1205 et
1215 1160 1249 1205 re
1265 1141 1307 1203 sic
1322 1142 1437 1205 ferente
1453 1144 1585 1209 excitata

453 1254 526 1330 sint,
539 1252 658 1335 singula
673 1271 739 1313 cnm
755 1249 859 1312 amicis
874 1248 935 1311 illis
950 1258 1004 1311 ant
1018 1247 1124 1331 puellis
1140 1247 1247 1311 amatis
1265 1250 1483 1313 communicata
1498 1262 1580 1331 sunt,

454 1380 581 1442 quorum
609 1358 703 1442 gratia
735 1356 836 1419 stilum
866 1365 954 1438 poeta
984 1353 1229 1439 apprehenderat.
1262 1354 1371 1419 Libros
1401 1356 1451 1438 qui
1472 1380 1525 1441 pro
1548 1380 1582 1422 se

454 1487 599 1548 quemque
622 1466 736 1540 editos,
760 1462 867 1544 quique
890 1462 965 1523 duos
987 1460 1110 1525 iunctim
1134 1460 1229 1523 editos
1252 1481 1338 1539 esse,
1369 1484 1443 1525 mox
1464 1465 1583 1529 tertium

454 1572 636 1636 successisse
665 1569 808 1645 credunt,
836 1566 991 1630 falluntur.
1028 1567 1145 1629 Hoetu
1169 1566 1213 1630 sic
1237 1566 1436 1631 intellexeris.
1471 1568 1584 1635 Narrat

454 1677 616 1741 Suetonius
631 1676 669 1739 ab
683 1675 820 1758 Augusto
843 1684 978 1736 coactum
1003 1693 1071 1737 esse
1087 1672 1263 1750 Horatium,
1289 1684 1326 1737 ut
1347 1675 1447 1738 tribus
1470 1680 1583 1739 euroti-

452 1806 524 1849 num
549 1784 642 1847 libris
662 1804 705 1845 ea:
725 1784 823 1865 longo
846 1780 1018 1844 interuallo
1041 1790 1186 1870 qttortmp
1208 1780 1351 1843 adderet.
1387 1781 1467 1845 llaec
1490 1782 1583 1845 uerba

454 1910 508 1975 per
523 1911 557 1952 se
572 1900 704 1972 spectata
720 1887 783 1950 sola
800 1885 946 1969 duplicem
961 1885 1119 1947 admittunt
1136 1886 1335 1963 intellectum,
1360 1906 1451 1949 unum
1473 1888 1581 1967 bunee,

454 1996 505 2059 diu
521 2005 592 2058 ante
607 1995 714 2057 librum
727 2002 863 2076 quartum
886 1991 980 2054 libros
1001 2002 1064 2055 tres
1086 1992 1220 2075 priores,
1245 2014 1334 2055 unum
1356 2004 1423 2076 post
1442 1995 1581 2074 alterum,

457 2101 552 2165 editos
568 2120 647 2177 esse,
664 2101 791 2165 alterum
807 2101 897 2175 bunc,
914 2098 1035 2160 eosdem
1051 2097 1144 2162 libros
1160 2098 1211 2162 diu
1227 2109 1297 2163 ante
1311 2110 1448 2182 quartum
1460 2102 1583 2165 iunctim

455 2207 552 2272 editos
568 2227 647 2271 esse.
671 2206 784 2270 Verum
800 2216 833 2267 nt
848 2205 971 2267 alteram
988 2204 1216 2287 explicationem
1232 2206 1430 2284 admittamus,
1454 2208 1584 2291 priorem

456 2333 676 2392 remuneramus,
694 2313 842 2375 luculente
858 2322 890 2374 et
904 2312 1159 2395 aperte'ostendit
1181 2314 1246 2397 ipsa
1266 2314 1441 2398 compositio
1464 2326 1495 2377 et
1516 2336 1583 2399 par·

455 2420 530 2483 tium
545 2420 701 2497 iunctura,
725 2441 782 2502 qua
800 2417 870 2481 libri
886 2428 948 2481 tres
969 2418 1085 2500 priores
1106 2419 1309 2483 continentur.
1333 2420 1409 2485 Nam
1432 2432 1495 2485 toto
1517 2442 1583 2485 cor·

339 2558 343 2569 ·
456 2524 530 2609 pore
545 2526 790 2611 comprehensum
806 2536 852 2589 εει
864 2524 1002 2608 quicquid
1015 2544 1069 2607 per
1080 2524 1266 2609 undeuiginti
1278 2546 1372 2590 annos
1385 2532 1583 2611 (717-735)

404 2637 408 2644 ’
457 2632 552 2696 uariis
576 2632 931 2697 occasionibns'Flacous
954 2630 1115 2694 cecinerat.
1154 2630 1245 2713 Atqui
1266 2653 1361 2715 paene
1384 2635 1416 2697 in
1440 2634 1583 2718 principio

457 2739 525 2803 libri
546 2741 634 2825 primi
649 2741 676 2824 (l
693 2744 728 2822 3)
751 2740 926 2804 collocatum
945 2749 998 2815 ,est
1020 2756 1141 2800 carmen
1164 2737 1199 2800 de
1220 2724 1328 2801 itinere
1343 2736 1443 2802 Attico
1459 2741 1585 2824 Vergilii

455 2869 534 2912 anno
552 2852 612 2912 735
628 2849 788 2932 scriptum,
813 2870 848 2910 ao
863 2846 989 2930 septimo
1005 2845 1136 2908 eiusdem
1157 2843 1225 2905 libri
1248 2845 1315 2906 loco
1335 2855 1485 2928 comparet
1506 2849 1584 2928 qnod

456 2966 586 3018 exeunte
602 2976 681 3017 anno
698 2957 759 3018 734
774 2954 807 3016 in
819 2952 972 3014 Orientem
989 2951 1025 3012 ad
1037 2951 1178 3013 Plancum
1194 2949 1285 3012 lilium
1301 2951 1423 3013 missum
1440 2962 1497 3030 est,
1515 2953 1583 3016 libri

456 3059 580 3123 secundi
596 3081 706 3121 nonum
723 3060 821 3122 locum
837 3057 994 3140 occupauit
1008 3056 1085 3138 qnod
1101 3057 1209 3118 lactum
1227 3067 1273 3156 esp
1294 3073 1373 3119 anno
1390 3060 1462 3122 735.
1489 3061 1583 3124 Porro

456 3187 515 3228 non
538 3164 641 3247 procul
665 3165 702 3226 ab
723 3164 809 3226 initio
831 3165 858 3247 (l
875 3168 894 3228 2
910 3174 940 3225 et
964 3165 1017 3244 12)
1038 3161 1168 3226 admissa
1190 3159 1260 3225 sunt
1282 3163 1340 3226 duo
1364 3165 1497 3229 carmina
1517 3179 1585 3250 post

456 3271 591 3333 morbum
611 3268 738 3352 Augusti
767 3269 896 3331 feliciter
924 3279 1061 3332 curatum
1089 3288 1168 3330 anno
1191 3271 1252 3332 732
1276 3269 1365 3332 edita.
1400 3270 1584 3356 Quapropter

456 3377 533 3440 liber
547 3377 660 3460 primus
676 3388 707 3439 et
720 3376 869 3439 secundus
885 3396 944 3438 uon
961 3386 1031 3439 ante
1046 3375 1167 3439 tertium
1184 3375 1255 3437 editi
1275 3395 1343 3438 esse
1364 3390 1507 3461 possunt,
1531 3363 1584 3443 sed

456 3504 560 3546 omnes
581 3485 683 3546 eodem
707 3505 786 3546 anno
808 3483 839 3546 in
863 3482 1055 3546 librariorum
1078 3482 1217 3546 tabernas
1238 3481 1365 3546 emissos
1388 3505 1455 3548 esse
1477 3485 1581 3568 liquet.

456 3589 538 3668 Quae
554 3611 618 3653 oum
634 3590 677 3652 ita
692 3591 770 3666 sint,
795 3589 885 3654 simul
903 3591 959 3654 boc
976 3600 1072 3673 patet,
1096 3589 1178 3652 illam
1194 3587 1353 3652 editionem
1370 3611 1431 3654 non
1446 3605 1515 3656 onte
1531 3615 1584 3655 an-

456 3719 527 3759 num
549 3697 631 3759 urbis
656 3699 717 3760 735
740 3699 796 3777 (19
812 3717 841 3759 a.
860 3697 949 3778 Cbr.)
970 3707 1100 3780 paratam
1124 3717 1203 3760 esse.
1228 3695 1268 3758 At
1289 3697 1342 3760 illa
1364 3699 1494 3762 fortasse
1518 3709 1585 3782 post

456 3825 567 3866 annum
584 3807 645 3868 735
662 3805 775 3867 euenit.
798 3803 868 3868 Nou
883 3815 930 3867 est
944 3804 998 3866 ita.
1022 3802 1098 3866 Nam
1123 3803 1154 3866 in
1175 3822 1211 3866 eo
1235 3824 1361 3887 corpore
1383 3805 1496 3868 nullum
1519 3826 1584 3868 car·

456 3930 526 3972 men
541 3911 636 3988 inest,
662 3911 739 3993 qnod
755 3921 822 3995 post
837 3931 947 3973 annum
965 3913 1026 3974 735
1043 3920 1143 3973 natum
1158 3909 1208 3972 sit.
1235 3908 1300 3987 Quo
1322 3921 1422 3974 tamen
1445 3934 1510 3974 cum
1531 3931 1583 3974 res

455 4016 488 4078 in
518 4018 693 4098 quaestione
722 4017 819 4100 posita
848 4015 1023 4080 uerisimilis
1053 4016 1151 4100 potius
1189 4037 1275 4098 quam
1313 4028 1395 4080 certa
1428 4018 1581 4098 reddatur,

455 4123 586 4185 alterum
614 4134 822 4206 argumentum
844 4143 885 4185 ex
906 4123 975 4186 libri
997 4123 1084 4206 primi
1105 4122 1231 4206 epistula
1252 4123 1458 4186 tertiadecima
1482 4136 1585 4208 peten-

456 4230 525 4293 dum
546 4251 664 4293 omnem
687 4229 901 4294 dubitationem
924 4229 1079 4312 praecidit.
1110 4229 1186 4294 Nam
1207 4230 1239 4292 in
1262 4229 1316 4292 hac
1340 4229 1482 4312 epistula,
1508 4251 1585 4312 qnae

446 4336 601 4420 'principio
617 4337 687 4398 anni
704 4339 765 4399 736
781 4336 818 4398 ad
833 4336 1000 4418 Angustum
1017 4337 1110 4399 missa
1126 4347 1172 4400 est
1184 4339 1236 4419 (cf.
1250 4336 1390 4398 Prooem.
1403 4336 1468 4418 Epl.
1486 4336 1497 4398 l
1517 4341 1582 4418 13),

456 4443 597 4506 lloratius
613 4443 649 4504 de
672 4441 879 4505 uoluminibus
894 4445 1065 4505 carminum
1081 4444 1125 4522 (u.
1145 4446 1163 4505 2
1180 4454 1211 4505 et
1228 4447 1281 4525 17)
1298 4443 1334 4506 ad
1349 4441 1517 4524 Angustum
1533 4426 1585 4502 dess

456 4549 525 4613 latis
540 4549 682 4632 loquitur.
707 4549 757 4610 Ex
778 4547 824 4611 bis
846 4559 928 4631 patet
945 4549 1079 4612 earmina
1094 4551 1130 4612 ab
1146 4549 1271 4613 Horatio
1286 4548 1319 4609 in
1334 4557 1398 4609 tres
1414 4545 1507 4609 libros
1524 4545 1585 4608 eol·

456 4657 535 4720 lecta
549 4678 645 4741 neque
660 4667 731 4720 ante
746 4677 855 4720 annum
872 4656 934 4719 735
950 4676 1046 4738 neque
1061 4666 1128 4741 post
1142 4656 1220 4718 edita
1236 4673 1314 4717 esse.
