3884 5525
468 659 533 701 xcu
547 650 549 656 '
900 654 1172 731 ruotuuottttrtas

470 829 574 873 ueram
596 808 711 873 lloratii
733 810 877 887 formam,
901 809 1057 888 uticem,
1082 810 1298 873 restituendam
1329 810 1424 875 trihus
1454 814 1600 896 exemplis

472 916 638 981 ostendam.
664 915 698 979 lu
713 916 814 980 Germ.
832 916 886 980 llll
903 920 922 979 4
939 919 980 981 36
996 916 1099 1001 optimi
1116 928 1145 979 et
1160 916 1279 1000 plurimi
1296 914 1425 991 ootlioes,
1444 918 1533 981 etiam
1549 918 1600 983 alii

472 1032 564 1086 testes
580 1042 640 1086 non
655 1023 864 1086 contemnendi
880 1023 1081 1087 Dedecoront
1097 1023 1237 1105 scriptum
1255 1022 1394 1100 offerunt,
1419 1025 1515 1088 minus
1533 1044 1601 1109 pro-

472 1128 533 1191 hati
549 1139 580 1190 et
595 1129 680 1212 pauci
691 1130 900 1202 Icoriecoront,¹
918 1129 973 1205 hoc
987 1128 1121 1211 quamuis
1137 1147 1190 1212 per
1205 1148 1238 1191 se
1252 1130 1485 1193 commendabile
1500 1140 1600 1195 tamen

381 1307 384 1311 ,
472 1236 631 1299 aduersum
648 1246 747 1299 tantos
762 1234 957 1299 auctoritates
973 1235 1113 1318 adoptare
1129 1256 1188 1299 nou
1205 1236 1402 1315 auderemus,
1427 1237 1485 1311 nisi
1501 1239 1601 1301 calcu·

472 1341 518 1405 lus
547 1339 675 1405 Aoroois
705 1351 737 1405 et
765 1341 982 1425 Porphyrionis
1019 1342 1125 1405 iustam
1157 1342 1383 1406 haesitationem
1415 1354 1598 1428 superasset..

473 1448 574 1511 Carm.
592 1446 645 1516 llll
662 1450 681 1510 2
697 1448 739 1510 49
757 1446 824 1509 libri
840 1459 872 1510 et
886 1448 1081 1511 uetustissimi
1097 1458 1127 1509 et
1142 1448 1204 1509 lere
1222 1468 1325 1511 omncs
1342 1449 1477 1513 scribunt
1497 1450 1602 1535 Teque

454 1554 543 1640 xdum
562 1553 728 1638 procedis,
756 1553 841 1615 ouius
864 1553 979 1615 erroris
1001 1553 1143 1636 originem
1167 1574 1220 1617 suo
1242 1554 1306 1617 loeo
1323 1555 1483 1637 explioaui.
1515 1556 1600 1619 Vnus

472 1678 571 1743 neque
591 1657 701 1723 nohilis
723 1660 821 1723 cotlex
844 1659 933 1723 hahet
952 1659 1058 1744 Tuque
1080 1661 1151 1723 duna
1171 1660 1338 1745 procedis,
1363 1663 1439 1743 quod
1464 1662 1511 1723 uel
1528 1684 1601 1725 oon·

471 1767 586 1830 iectura
601 1766 803 1851 reponendum
820 1777 913 1829 esset.
945 1764 1057 1828 Verum
1080 1766 1183 1848 grauis
1199 1777 1305 1829 auctor
1319 1786 1378 1829 non
1400 1768 1501 1847 deest:
1526 1768 1600 1831 Por·

281 1853 284 1861 Ι
368 1858 372 1864 ’
472 1870 598 1959 physion
614 1873 689 1937 hano
704 1871 888 1956 pronominis
904 1872 1028 1941 formam
1045 1883 1166 1935 secutus
1182 1883 1240 1935 est.
1264 1873 1358 1957 Epod.
1373 1876 1410 1935 15
1427 1876 1467 1936 22
1483 1874 1600 1939 scribae

472 1980 605 2043 codicum
621 1977 726 2042 Nirea
746 1978 802 2041 sihi
824 2000 883 2041 oon
909 1978 1061 2061 cognitum
1084 1978 1114 2041 in
1139 1979 1224 2041 deum
1247 1978 1393 2042 marinum
1411 1990 1601 2045 mutauerunt

471 2086 599 2150 Nerea.-
616 2085 804 2170 Porphyrion
820 2102 923 2147 uerum
936 2085 1087 2163 seruauit3
1105 2084 1183 2147 idem
1198 2084 1229 2147 in
1244 2082 1348 2148 eodem
1361 2086 1480 2149 nomine
1495 2085 1597 2151 Carra.

472 2192 512 2254 lll
525 2192 566 2254 20
582 2195 620 2254 15
633 2192 751 2254 accinit.
768 2189 845 2254 Aliis
856 2190 887 2253 iu
899 2184 972 2254 lo'cis
985 2190 1171 2274 grammatici
1185 2190 1284 2255 Latini
1296 2202 1416 2255 ueteres
1431 2193 1599 2258 huiusmodi

472 2298 653 2382 praesidinm
675 2298 950 2381 suppeditauerunt.
985 2296 1087 2379 ltaque
1110 2296 1214 2361 horum
1237 2296 1428 2376 testimonia,
1454 2311 1598 2381 quantum

471 2403 572 2488 potui,
597 2403 725 2487 plurima
745 2404 777 2467 in
800 2404 994 2466 annotatione
1010 2402 1113 2465 critica
1136 2404 1292 2467 oollooaui.
1324 2405 1404 2469 llaec
1420 2426 1471 2471 res
1494 2408 1598 2471 atalia

472 2510 626 2573 commoda
642 2510 747 2586 hahet,
773 2530 848 2593 quae
869 2508 956 2593 periti
978 2508 1184 2586 saussaium,
1209 2510 1346 2595 inperitis
1363 2532 1517 2595 exponere
1533 2514 1600 2576 lon-

470 2625 612 2700 gumest.

555 2723 601 2788 Aa
616 2724 735 2788 codices
757 2732 877 2787 ueteres
893 2730 1043 2788 reuertor.
1076 2722 1240 2816 llos-etiam
1257 2722 1288 2786 in
1305 2724 1516 2810 orthographia
1533 2727 1598 2791 lere

471 2851 590 2916 semper
603 2841 723 2894 secutus
739 2849 817 2906 snm,
835 2831 1095 2912 grammaticorum
1114 2842 1248 2893 ueterum
1265 2832 1320 2894 hac
1336 2833 1366 2894 in
1383 2849 1416 2894 re
1432 2835 1598 2917 praeceptis
1703 2854 1712 2880 a

470 2959 565 3021 neque
581 2936 757 3021 contemptis
774 2955 869 3018 neque
884 2937 988 3020 cupide
1004 2948 1057 3000 aut
1071 2937 1190 3000 credula
1207 2959 1271 3000 cum
1288 2939 1345 3002 lide
1361 2939 1500 3022 acceptis.
1534 2941 1598 3002 Ali·

471 3063 556 3126 quam
587 3043 819 3126 orthographiae
854 3042 1086 3106 inconstantiam
1117 3044 1321 3108 addicentibus
1356 3043 1439 3108 lihris
1469 3047 1598 3110 uetustis

469 3149 571 3233 putaui
592 3148 777 3212 tolerandam
794 3169 862 3213 esse
877 3160 907 3212 et
924 3150 981 3234 ipsi
998 3149 1121 3213 Horatio
1138 3150 1295 3231 aliquando
1311 3169 1370 3212 non
1386 3151 1486 3234 inepte
1502 3152 1597 3236 impu·
1652 3171 1655 3176 ·

469 3256 527 3319 tari
550 3275 649 3339 posse.
681 3254 906 3346 Aurium'euim
928 3256 1070 3320 iudicium
1093 3258 1180 3318 modo
1197 3254 1400 3318 accusatiuum
1425 3261 1524 3320 oannis
1548 3261 1597 3322 uel

469 3363 605 3436 tamira,
621 3362 708 3425 modo
722 3383 826 3424 ornnes
841 3362 889 3425 uel
904 3361 1035 3426 humiles
1048 3362 1165 3424 uidetur
1180 3361 1339 3444 probasse3
1356 3361 1503 3426 interdum
1520 3364 1596 3427 dilu-

470 3468 527 3532 oitli
549 3468 698 3532 sermonis
719 3469 798 3530 ratio
822 3468 878 3531 hoc
898 3479 950 3531 aut
978 3469 1049 3532 illutl
1078 3469 1228 3550 praetulit.
1267 3467 1364 3532 Vnum
1388 3487 1512 3533 monere
1535 3491 1596 3534 non

468 3595 724 3658 superuacaneum
747 3574 823 3652 erit,
850 3575 916 3637 illas
939 3575 1075 3638 Lambini
1099 3585 1129 3636 ct
1150 3573 1272 3656 Cruquii
1297 3575 1436 3653 delicias,
1462 3579 1593 3651 mollero,

469 3684 567 3754 ouem,
586 3685 702 3744 omneis
717 3704 734 3745 a
750 3681 836 3744 honis
852 3681 968 3744 lloratii
991 3680 1076 3744 lihris
1092 3681 1178 3764 plane
1194 3680 1316 3758 abesse,
1341 3682 1447 3744 ahesse
1464 3701 1593 3764 quoque,

469 3787 570 3870 paucis
586 3788 720 3870 exceptis
736 3787 833 3864 locis,-
846 3787 1049 3850 recentiorum
1065 3787 1116 3849 illa
1132 3787 1298 3862 lenocinia,
1318 3788 1451 3870 uolgus,
1477 3789 1592 3862 collus,

468 3893 593 3968 uolnus,
613 3893 786 3956 Volcanus.
817 3892 864 3956 Ex
880 3903 1036 3956 constante
1059 3903 1193 3956 ueterum
1217 3892 1357 3954 librorum
1380 3893 1594 3982 cousuetudine

426 4063 431 4081 1
468 3998 574 4081 scripsi
597 4021 801 4084 qumquam,
832 4021 892 4062 nou
914 4020 1107 4083 quanquam,
1141 4009 1268 4080 atquae
1291 3998 1440 4060 suntalia
1463 3998 1594 4061 eiusdem

467 4105 606 4188 generis,
630 4126 720 4188 porro
737 4116 900 4190 temptare,
925 4105 1058 4178 obicere,
1077 4106 1234 4179 conicere,
1251 4107 1351 4183 milio,
1367 4106 1464 4179 mille,
1484 4105 1594 4189 obpro-

468 4210 581 4284 brium,
598 4207 737 4296 Apulus,
753 4214 871 4296 poetes
888 4211 1029 4294 (peleos),
1047 4211 1198 4294 quiequid
1204 4239 1217 4284 ,-
1234 4214 1366 4296 pinnam
1383 4223 1414 4273 et
1429 4213 1594 4296 epistulam

468 4326 554 4380 uetus
570 4317 743 4380 Blandioius
759 4320 871 4396 suasit3
897 4318 933 4378 de
949 4315 1016 4378 aliis
1033 4314 1057 4377 si
1082 4326 1152 4378 sunt
1173 4318 1260 4399 paulo
1281 4318 1442 4401 grauiora,
1468 4318 1497 4380 in
1515 4327 1598 4381 comi

467 4423 615 4486 meutario
639 4414 779 4485 monitum
796 4435 851 4486 est.
885 4423 916 4485 ln
933 4421 1179 4485 assimilationem
1204 4436 1324 4488 ueteres
1340 4423 1457 4488 Horatii
1479 4425 1595 4487 codices

467 4527 499 4590 iu
515 4528 689 4592 uniuersum
710 4529 872 4592 inclinant:
900 4529 1076 4612 plerumque
1097 4529 1231 4593 uitarunt
1247 4553 1311 4594 cam
1327 4532 1358 4594 iu
1382 4513 1594 4614 particula'ne·

467 4635 568 4715 gatiua
591 4638 635 4697 in.
670 4635 771 4716 ltaque
792 4634 823 4695 iu
847 4635 901 4697 hac
916 4637 1063 4699 rationem
1081 4637 1308 4722 etymologicam
1323 4635 1481 4719 adoptem,
1507 4655 1593 4718 quam
