3884 5525
788 591 967 647 enuntiavit
986 594 1031 648 itti
1054 597 1096 648 lb.
1147 546 1155 562 x

576 766 720 839 porrecta
735 764 884 827 maiestas
900 764 939 827 uu
951 709 1049 828 'ortua

576 874 653 935 solis
668 874 707 934 ab
723 872 875 951 Hesperio
891 876 999 939 nubili.

576 1027 706 1089 eustooe
721 1042 826 1091 rerum
844 1024 983 1093 Caesare
998 1044 1060 1093 non
1077 1031 1166 1095 turer
1273 1090 1276 1098 .

575 1140 679 1201 ciuilis
695 1143 750 1201 ont
765 1140 815 1201 uis
830 1140 948 1203 eximet
962 1140 1073 1217 otium,

574 1264 636 1311 non
652 1250 711 1327 ira,
730 1264 810 1326 quae
825 1252 969 1327 procudit
984 1259 1077 1317 enses

574 1364 607 1420 et
621 1360 753 1422 miseras
770 1363 913 1425 inimicat
928 1364 1034 1425 urbes.

572 1526 636 1575 non
652 1515 705 1589 qui
721 1516 909 1590 promnonm
924 1514 1101 1579 Danubium
1117 1517 1228 1580 bibunt

572 1624 672 1685 etiota
688 1631 834 1702 rumpent
849 1624 938 1705 Iulia,
958 1642 1022 1689 non
1038 1625 1148 1708 Getae,

571 1750 634 1797 non
651 1732 745 1799 Seres
761 1738 889 1801 infldiue
903 1734 1032 1819 Persae,
1127 1806 1131 1816 Ἴ
1166 1710 1187 1787 9

570 1860 634 1909 non
649 1845 771 1911 Tanain
786 1863 882 1925 prone
896 1849 1011 1911 flumen
1026 1853 1100 1913 ortt.

569 2016 689 2077 nosque
704 2006 736 2063 et
751 2004 901 2081 profestis
917 2002 1041 2065 lucibus
1055 2008 1088 2067 et
1102 2008 1203 2070 saeris
1456 2021 1489 2071 aa

567 2113 651 2174 inter
665 2114 763 2176 iooost
779 2128 908 2175 munera
924 2111 1044 2193 Liberi,

431 2265 472 2314 15.
492 2273 563 2316 ortus
577 2266 680 2333 ango,
699 2262 780 2318 ‘anas
798 2261 863 2318 eod?
883 2266 1069 2331 (Blandianus)
1086 2262 1178 2319 ‘babet
1197 2269 1229 2319 nd
1249 2266 1328 2321 ortui
1343 2270 1491 2334 Cnvorrva:

360 2338 442 2383 ortum
463 2334 513 2395 ὃς.
637 2338 679 2387 17.
706 2351 796 2387 eesaro
814 2336 840 2387 S.
967 2337 1009 2387 18.
1035 2336 1131 2387 eximet
1146 2338 1255 2403 onage
1274 2338 1328 2389 dno
1347 2341 1493 2392 Blandiaie'

360 2418 456 2455 eornm.
479 2404 610 2469 Crnqae'i:
644 2406 851 2470 exegit‘tertios
869 2404 1048 2467 Blandim‘ua,
1078 2405 1196 2467 exigere
1212 2406 1397 2472 Porphyrion.

359 2470 440 2521 ocium
460 2472 528 2523 HSu
641 2475 683 2524 23.
711 2474 815 2525 infidiue
833 2472 871 2533 m,-
888 2478 1086 2525 oommeatator
1106 2474 1237 2540 Craqaii:
1264 2475 1385 2541 inlidique
1404 2477 1491 2543 aare
1568 2547 1577 2558 ,

358 2540 460 2591 Aaron.

359 2707 431 2775 Quod
445 2710 575 2776 Beutlleius
593 2712 692 2764 monuit
708 2714 834 2766 aduersus
847 2718 903 2766 ocei-
945 2712 1047 2764 termini
1062 2710 1140 2762 lisois
1152 2717 1179 2761 et
1191 2712 1338 2778 Bastarnis3
1357 2712 1392 2764 oi.
1406 2710 1441 2765 lti
1455 2714 1487 2765 24
1574 2749 1580 2765 .

352 2779 443 2844 mere,
466 2781 614 2848 plerumque
634 2782 900 2849 diuideremolesta,
948 2783 989 2833 11.
1023 2781 1115 2832 Strabo
1136 2780 1181 2831 vlt
1202 2782 1316 2845 3512:
1341 2781 1488 2865 γέρονεδὲ

263 2876 267 2884 .
358 2855 386 2898 ut
399 2853 516 2900 eximere
530 2867 638 2914 eoram,
658 2858 769 2916 metam,
782 2855 900 2917 samem,
944 2851 993 2902 καὶ
1005 2843 1085 2908 ἄλλος
1097 2851 1145 2914 τῆς
1153 2843 1250 2968 {uiroc
1263 2863 1402 2933 μερισμος
1415 2864 1488 2921 συμ.

358 2919 901 2988 spinas,fastmrn,boeuequeperpetuum
943 2921 1038 2988 μένων
1058 2917 1088 2969 ἐκ
1112 2935 1153 2968 πα
1170 2919 1241 2968 orori.
1273 2936 1336 2978 τους
1356 2919 1411 2990 μὲν
1432 2914 1469 2988 γα

358 2992 398 3035 est
411 2985 456 3051 (ei.
472 2987 528 3038 Cio.
543 2987 615 3038 Laei.
630 3005 652 3039 o.
663 2989 699 3056 i),
718 2999 744 3040 et
756 2991 900 3042 furentibus
944 2983 1054 3046 Δακοὺς
1082 2981 1333 3057 προσαγορεύουσι,
1364 2983 1427 3046 τοὺς
1456 2938 1488 3042 (22

358 3053 657 3120 ipsapaxmoiestaest.
943 3059 1037 3116 Γέτας.
1068 3059 1154 3113 Γέτας
1175 3055 1228 3124 μὲν
1257 3051 1321 3115 τοὺς
1343 3052 1415 3123 πρὸς
1439 3053 1487 3110 τὸν

409 3123 452 3174 20.
470 3130 585 3176 miserae
599 3129 729 3176 inimicat
739 3130 901 3178 arbes:iaa'-
944 3121 1050 3178 norror
1072 3126 1248 3193 κεκλιμένους
1269 3127 1317 3177 καὶ
1341 3121 1412 3193 πρὸς
1436 3121 1487 3190 τὴν

356 3195 460 3242 rniaare
472 3194 509 3256 (b.
522 3210 545 3254 e.
560 3194 676 3246 inimicas
690 3196 808 3262 reddere)
820 3197 901 3247 Hora·
943 3192 995 3255 ἕω,
1020 3190 1129 3251 Δαναοὺς
1153 3192 1184 3245 δὲ
1208 3188 1272 3252 τοὺς
1292 3197 1330 3253 εἰς
1351 3191 1487 3246 τάναντία

357 3259 408 3310 tius
425 3261 529 3312 uidetur
547 3264 644 3328 primus
657 3264 791 3316 formasse.
812 3265 853 3316 Gi.
867 3265 899 3316 ad
943 3260 1015 3332 πρὸς
1039 3258 1089 3328 τὴν
1112 3265 1271 3332 Γερμανίαν
1293 3265 1341 3314 καὶ
1365 3260 1414 3322 τὰς
1437 3266 1487 3315 τοῦ

357 3328 401 3378 itti
427 3331 459 3378 14
482 3331 506 3380 5.
529 3327 665 3382 ‘inimicat
685 3333 771 3383 fiotum
793 3334 899 3384 uerbum
936 3325 1050 3399 Ἴστρου
1062 3326 1163 3399 πηγάς.

357 3392 415 3447 est'.
432 3397 603 3452 Poseursron.
623 3401 739 3452 Miserae
752 3402 829 3452 urbes
841 3419 900 3468 pro·
995 3402 1037 3451 23.
1064 3418 1116 3452 noa
1138 3401 1217 3452 Seres
1237 3400 1350 3464 trifidiue
1371 3401 1485 3452 Persae.-

356 3465 449 3532 leptiee
463 3467 537 3518 uixit.
654 3523 656 3528 ,
942 3469 1042 3520 duabus
1054 3470 1173 3532 gentibus
1185 3471 1217 3519 et
1232 3470 1429 3534 septentrionem
1442 3471 1487 3520 ba-

408 3535 529 3586 21-24,
550 3535 587 3588 Ne
605 3539 688 3588 exteri
707 3538 806 3604 quidem
826 3537 899 3588 nobis
942 3538 1085 3588 bitautibus
1098 3539 1147 3586 duo
1159 3539 1244 3602 popuii
1258 3539 1381 3587 orientem
1394 3554 1485 3587 uersus

356 3603 423 3653 baud
436 3605 546 3656 subiecti
557 3607 648 3657 ediotis
658 3607 766 3670 Augusti
777 3607 898 3657 resistere
942 3607 986 3656 siti
999 3606 1076 3655 medii
1088 3606 1293 3668 interponuntur.
1313 3605 1377 3653 Hine
1388 3605 1484 3654 rectius

356 3673 461 3722 audent.
940 3674 1054 3736 r'nfidr'ao
1083 3672 1207 3721 scribitur
1235 3687 1309 3736 quam
1341 3672 1482 3736 infidique.

408 3742 450 3791 21.
481 3747 531 3807 qai
550 3744 720 3809 profundam
746 3743 899 3793 Danubium
943 3739 1257 3796 Sereeuieiniiudorum,
1278 3741 1485 3801 dequorumue·

357 3809 467 3860 bibant:
488 3809 625 3872 Germani,
638 3801 665 3862 in
679 3812 718 3861 bis
731 3827 791 3877 pree
805 3812 898 3861 ceteris
941 3809 1075 3860 neratione
1093 3806 1200 3870 Augusti
1220 3805 1254 3855 oi.
1277 3807 1308 3855 ad
1329 3807 1414 3856 Corin.
1439 3806 1483 3857 ΙΙΙΙ

255 3923 260 3936 s
331 3877 539 3944 Hermunduri,
559 3881 637 3930 uicini
651 3881 839 3931 Vindelicorura
852 3879 899 3928 im·
944 3879 976 3928 14
999 3875 1043 3926 42.
1123 3875 1235 3937 infidias
1258 3875 1370 3924 Persae:
1395 3874 1483 3925 Portbi

355 3949 425 4010 perio
439 3946 552 3998 Romano
566 3949 747 3999 subiectorum.
768 3949 818 3999 lios
832 3949 897 3998 enim
941 3961 1019 4012 saepo
1040 3943 1172 4010 promissis
1192 3958 1240 3992 non
1259 3949 1357 3992 stantes
1378 3943 1481 4008 (infidi)

354 4015 438 4080 potius
459 4033 533 4082 quam
553 4019 622 4084 ipsos
635 4017 783 4068 Vindelicos
800 4017 898 4080 signifi·
942 4031 1008 4068 nuno
1020 4013 1129 4077 Augusti
1141 4012 1286 4078 praeceptis
1298 4012 1481 4077 obsequuntur.

354 4086 406 4134 cari
421 4085 479 4136 bine
498 4087 621 4149 colligas,
640 4088 705 4152 quod
724 4086 750 4134 in
769 4087 899 4152 sequeuti—
993 4084 1036 4134 24.
1062 4081 1163 4132 Tanain
1181 4096 1267 4146 prope
1282 4081 1389 4147 flamen
1411 4085 1481 4132 orti:

355 4152 400 4204 bus
414 4169 463 4203 nou
477 4155 623 4220 prouinciae
637 4154 775 4218 Romanae,
795 4155 839 4204 sed
853 4169 898 4204 en·
941 4153 973 4204 de
985 4151 1088 4219 Scythia
1105 4149 1140 4200 oi.
1154 4150 1186 4198 ad
1199 4147 1286 4198 Caum.
1301 4148 1345 4199 litt
1361 4151 1391 4199 14
1405 4150 1447 4200 42.

354 4228 442 4272 ternae
464 4231 553 4288 gentes
576 4225 747 4274 nominantur.
774 4222 811 4272 De
834 4222 898 4273 Her·
993 4219 1104 4271 25-32.
1123 4217 1253 4281 Augustus
1266 4217 1337 4281 feeit,
1353 4218 1483 4268 utiuoun-

333 4313 335 4317 ·
353 4292 535 4342 muudurorum
548 4309 603 4342 oum
617 4291 734 4342 Romanis
748 4291 862 4340 amicitia
871 4297 898 4341 et
941 4289 998 4339 dam
1016 4289 1095 4338 uitam
1112 4287 1283 4350 transigamus
1296 4289 1381 4351 (inter
1399 4290 1486 4336 iocose·

354 4361 504 4411 eommereio
518 4360 552 4410 oi.
567 4360 651 4411 Taeiti
666 4359 751 4411 Germ.
766 4360 809 4410 41.
940 4374 1055 4408 munera
1068 4357 1183 4418 Liberi),
1205 4362 1234 4404 ut
1252 4355 1300 4420 ipsi
1314 4371 1369 4404 eum
1384 4355 1482 4405 inmitia

404 4428 448 4478 22.
463 4429 551 4479 edicta
565 4456 597 4466 -
611 4430 697 4480 lolia:
711 4429 743 4478 ad
754 4426 897 4492 analogiam
941 4427 1003 4476 deos
1013 4426 1053 4492 pie
1062 4439 1214 4476 ueneremur
1223 4423 1360 4486 (27-28),
1370 4430 1399 4472 ut
1409 4429 1482 4486 grata

354 4495 443 4560 legum
462 4497 599 4548 Iuliarum
617 4513 663 4564 pro
684 4511 713 4546 eo
732 4497 797 4563 quod
817 4495 899 4546 edixit
940 4495 1063 4546 memorie
1087 4501 1114 4544 et
1134 4495 1206 4544 uiros
1218 4492 1307 4555 ¹fortes
1321 4490 1414 4570 ‚populi
1433 4489 1483 4569 lio-

354 4564 410 4614 siue
426 4565 504 4616 iussit
515 4566 657 4630 Augustus.
729 4581 783 4616 reon
799 4565 896 4618 Getae:
940 4564 1009 4614 mani
1028 4563 1083 4612 uita
1101 4562 1201 4613 innotos
1217 4568 1243 4611 et
1255 4559 1400 4610 ooutirtores
1412 4558 1483 4608 urbis

354 4633 384 4682 ed
397 4641 501 4700 pontum
514 4633 641 4684 Euxinum
655 4633 817 4698 habitantes,
838 4648 898 4684 eon·
941 4630 1036 4682 Romae
1048 4646 1233 4698 prosequamur
1244 4627 1380 4691 (29-32).

423 4743 528 4786 Horatius
537 4741 572 4786 ed.
582 4743 660 4786 Ritter.
675 4742 690 4784 Ι.
1240 4731 1274 4781 26
