3884 5525
957 628 1098 682 nunniti

713 804 792 866 lenit
806 802 968 863 albescens
984 802 1104 862 animos
1121 801 1253 877 capillus

714 915 816 977 litium
833 918 865 974 et
879 914 968 975 rixae
984 912 1113 989 cupidos
1126 917 1314 989 proteruae;

716 1041 778 1091 non
794 1040 853 1102 ego
869 1025 927 1085 hoe
944 1026 1058 1088 serrem
1075 1026 1195 1087 calidus
1210 1026 1340 1086 iuuenta

714 1138 843 1200 consule
857 1135 987 1216 Planco.

988 1478 1056 1537 XV.

716 1642 805 1708 onr
819 1646 964 1722 pauperis
980 1641 1080 1721 Ibyci,

716 1759 841 1819 tandem
856 1758 1014 1833 nequitiae
1029 1756 1090 1832 lige
1104 1755 1229 1817 modum
1245 1760 1319 1817 tuae

716 1912 907 1987 famosisque
922 1910 1100 1988 lahorihus3

716 2027 838 2085 maturo
854 2022 979 2098 propior
995 2021 1101 2082 desine
1117 2020 1221 2082 funeri

533 2212 575 2261 26.
596 2210 655 2261 Liri
663 2226 699 2277 pr
711 2212 744 2262 ll.
850 2210 961 2261 27-28.
981 2209 1096 2261 Seruius
1108 2209 1146 2259 acl
1158 2208 1261 2274 Vergil.
1275 2209 1341 2258 Aen.
1355 2206 1379 2257 V
1393 2206 1451 2272 172,
1471 2203 1516 2257 vll
1530 2207 1592 2257 435.

481 2417 486 2429 ·
510 2348 572 2413 „Ad
586 2347 732 2398 Chloridem
745 2347 802 2399 All.
840 2350 880 2399 Dc
899 2349 1025 2399 melroA
1045 2352 1077 2398 ut
1097 2347 1134 2397 ad
1155 2344 1189 2395 ΙΙΙ
1208 2345 1233 2395 9.
1356 2344 1466 2394 mantice
1488 2344 1520 2398 ad
1541 2345 1594 2394 clo-

465 2417 721 2538 mdnlf'nnmeuu
734 2485 766 2536 nr
781 2486 823 2537 37.
895 2486 963 2553 nyu
977 2488 1018 2537 A:
1037 2482 1176 2553 perennc,
1197 2482 1258 2533 iura
1272 2483 1305 2533 a.
1411 2481 1436 2531 a.
1458 2481 1594 2547 nequiciae

467 2555 521 2606 GH.
595 2555 923 2620 hgeAGwZBlondlnii:
942 2556 1094 2623 poneBHg.
1467 2594 1471 2600 .

515 2763 637 2814 25-28.
663 2762 803 2814 Modestiae
823 2779 885 2814 suae
904 2777 1008 2813 cansam
1050 2774 1171 2811 annorum
1186 2756 1294 2825 spatium
1312 2756 1377 2807 satis
1396 2755 1460 2815 luit,
1478 2763 1508 2806 ut
1525 2756 1595 2807 eius·

465 2833 545 2882 audit,
1049 2829 1116 2880 modi
1130 2828 1211 2878 forma
1225 2829 1250 2877 in
1263 2827 1335 2893 peius
1350 2833 1500 2875 mutaretur.

516 2902 558 2964 25.
587 2901 737 2952 albescens:
764 2901 851 2951 albere
873 2901 922 2950 iam
944 2900 1009 2950 inci·
1103 2899 1126 2948 i.
1147 2896 1463 2962 uecorpauperr’slhycz':
1483 2911 1595 2960 pauper-

464 2971 545 3036 picns.
565 2970 722 3020 Praecanum
742 2986 769 3020 se
789 2970 911 3020 describit
926 2969 1008 3036 Eptl
1048 2974 1127 3017 tatem
1141 2968 1226 3015 mariti
1240 2965 1400 3025 uremur-anit,
1412 2964 1595 3028 utlegentihus

441 3038 497 3090 '20
516 3041 559 3090 24.
880 3029 884 3037 ’
1048 3036 1151 3101 planum
1175 3035 1236 3098 ilat,
1262 3050 1309 3083 cnr
1330 3034 1431 3083 Chloris
1456 3034 1481 3082 in
1503 3040 1595 3084 uetere

516 3108 558 3157 28.
586 3107 694 3156 consule
712 3106 831 3156 Planco:
856 3121 1008 3171 annumpu-
1048 3112 1156 3168 quaestu
1175 3103 1243 3151 ultra
1257 3103 1356 3151 modurn
1370 3117 1536 3166 perseuerare
1549 3117 1596 3152 ue·
1623 3134 1625 3137 -

464 3190 528 3237 gnae
542 3175 711 3238 Philippensis
725 3175 839 3223 nominat
852 3176 936 3239 (712),
957 3189 1006 3239 qno
1047 3172 1094 3235 lit,
1115 3171 1233 3220 maritum
1246 3172 1302 3221 eins
1317 3173 1445 3233 norrrinat,
1464 3178 1493 3220 ut
1504 3178 1596 3236 pateat

465 3251 539 3292 natus
558 3249 615 3290 erat
633 3256 714 3290 annos
732 3242 825 3304 uiginti
844 3251 906 3292 ires.
934 3245 1005 3292 Anno
1048 3256 1095 3290 our
1107 3240 1245 3305 nequitiam
1259 3242 1283 3290 in
1298 3240 1419 3290 Chloridc
1432 3241 1572 3305 uituperet.

465 3311 529 3372 733,
549 3309 573 3357 id
588 3316 627 3358 est
640 3309 722 3358 trihus
734 3316 792 3374 post
804 3309 869 3358 hauc
882 3311 946 3359 oden
961 3325 1008 3360 an·
1102 3309 1127 3359 3.
1149 3310 1325 3375 famosisque
1345 3311 1497 3359 latoribus:
1525 3308 1596 3358 eins-

464 3379 512 3439 nis,
534 3377 722 3427 renuntiantem
736 3378 816 3426 amori
830 3379 861 3428 ad
875 3378 908 3429 lll
922 3379 955 3430 26
969 3379 1008 3429 ui·
1049 3379 1117 3428 modi
1134 3378 1237 3429 lahores
1250 3387 1372 3429 notantur
1383 3378 1426 3427 llll
1442 3378 1472 3427 13
1486 3379 1554 3427 4-6
1569 3385 1597 3428 et

464 3446 588 3497 dehimus.
1052 3447 1162 3498 13-14,

1102 3518 1127 3566 5.
1157 3521 1232 3568 inter
1251 3517 1343 3568 ladcrc
1362 3519 1499 3582 uirgines:
1525 3515 1596 3566 inter

1049 3585 1164 3648 uirgines
1177 3587 1257 3636 amori
1271 3587 1332 3635 dare
1344 3586 1429 3634 ludum
1441 3584 1595 3649 (παίζειν),·
1672 3618 1676 3629 ·

516 3653 601 3704 Garm.
623 3653 681 3705 XV.
708 3655 885 3714 Prooemium„
906 3655 1005 3720 Chlori,
1051 3655 1144 3704 ludere
1167 3657 1214 3706 hoc
1239 3656 1385 3718 significatu
1406 3655 1473 3703 redit
1491 3653 1550 3718 Epi.
1573 3653 1596 3703 ll

464 3749 557 3796 omitte
582 3745 688 3796 tandem
716 3727 808 3797 stadia
838 3749 1006 3810 meretricia,
1050 3723 1361 3843 ἓῃῖξὲὓῗξῗέίἒῦῗϋῦ
1382 3723 1595 3773 ¹¹·⁰·³¹¹¹⁰¹'i¹¹¹'

463 3852 533 3900 ‘lm
556 3836 649 3898 filiam
683 3842 759 3889 ΜΨ
789 3841 879 3902 ’ΜΨ
904 3837 1006 3901 ‘ment’
1102 3863 1127 3911 6.
1153 3857 1436 3911 stellio-candidae:
1454 3855 1593 3919 imaginem

464 3927 517 3975 tihi
543 3928 576 3976 ch
606 3932 726 3978 aetatem
749 3942 803 3977 nan
830 3931 1005 3978 conueniant.
1049 3927 1404 3994 etremcomparaudompro
1420 3939 1489 3974 inore
1508 3927 1594 3990 perite

462 4013 582 4076 (Marum
597 4016 624 4080 5)
1049 4003 1237 4130 commiscum&
1248 4063 1383 4113 Pholoen.-
1403 4063 1493 4112 matris
1509 4079 1593 4114 mere·

514 4131 553 4182 De
565 4139 677 4197 tempore
690 4135 823 4201 compositi
836 4137 954 4186 carminis
968 4136 1006 4184 sio
1047 4133 1120 4183 tricis
1139 4135 1214 4182 liliam
1233 4133 1292 4180 item
1310 4135 1472 4182 meretricem
1487 4140 1592 4198 atqnea

462 4202 564 4250 habeto.
586 4201 647 4250 Cum
667 4218 732 4253 anno
754 4205 802 4253 724
822 4205 925 4254 secundi
945 4203 1004 4252 lihri
1048 4218 1076 4252 sc
1096 4210 1204 4251 amatam
1222 4199 1242 4261 (Ι
1257 4200 1290 4249 33
1303 4202 1328 4264 t,
1351 4200 1372 4250 ll
1386 4202 1401 4250 5
1416 4202 1459 4263 ii)
1478 4203 1589 4266 extollit,

462 4271 573 4336 quintam
588 4270 652 4319 oden
666 4273 760 4336 edidit,
780 4269 896 4322 ‘Chloris
909 4273 946 4321 sic
960 4272 1005 4320 hu·
1047 4279 1075 4320 ut
1088 4279 1170 4320 mater
1182 4269 1348 4334 deprimatur.

461 4355 531 4388 mero
545 4338 660 4401 nitebat,
683 4349 711 4391 ut
723 4357 786 4406 pura
800 4330 922 4390 nocturno
937 4339 1005 4388 reni·
1098 4339 1124 4388 a.
1156 4344 1300 4402 ccpugnat
1320 4343 1448 4390 iuuenum
1478 4339 1588 4390 clamos:

461 4409 505 4458 det
523 4409 585 4458 luna
604 4403 688 4460 meri'.
716 4409 803 4474 ltaque
826 4409 889 4458 haec
908 4408 1003 4457 lusisse
1047 4409 1110 4457 haec
1123 4415 1193 4457 recte
1207 4423 1255 4456 uon
1267 4409 1341 4458 modo
1354 4411 1461 4474 petitur,
1478 4409 1522 4458 sed
1535 4409 1590 4474 ipsa

461 4477 614 4528 coniecerim
638 4478 684 4527 suh
714 4478 780 4527 idem
809 4483 922 4542 tempus,
954 4491 1003 4540 qno
1046 4477 1120 4542 petit,
1131 4484 1159 4528 nt
1169 4476 1391 4543 iecitSempronia
1403 4479 1468 4544 apud
1481 4477 1587 4528 Sallust.

460 4561 548 4608 poema
569 4546 682 4612 proxime
705 4545 820 4611 superius
842 4545 868 4594 in
893 4545 1003 4594 reditum
1047 4546 1125 4595 Catil.
1153 4563 1176 4596 c.
1197 4547 1241 4596 25.
1278 4547 1350 4597 Adde
1384 4547 1497 4598 Senecae
1527 4545 1588 4596 Nat.

406 4648 409 4654 ,
460 4613 569 4676 Augusti
590 4614 667 4677 iecit,
686 4615 711 4663 h.
727 4629 751 4663 e.
766 4613 811 4662 suh
826 4629 917 4662 annum
931 4613 1002 4664 urbis
1047 4612 1154 4678 Quaest.
1175 4617 1195 4667 l.
1210 4615 1255 4665 llll
1273 4617 1375 4684 prael:
1396 4616 1508 4681 Crispus
1525 4616 1590 4665 Pas·

461 4679 510 4726 teo
530 4681 584 4732 siue
604 4689 663 4732 ante
680 4680 741 4731 Chr.
763 4696 787 4730 e.
801 4681 845 4733 24.
872 4681 934 4733 Nam
955 4699 1002 4732 sex
1045 4688 1138 4736 sienae
1150 4701 1231 4752 saepe
1243 4685 1358 4749 dicehat,
1376 4685 1531 4735 adulationi
1541 4699 1589 4734 noe
