3884 5525
946 608 1087 662 uuharu

624 779 814 842 exercitatas
829 780 886 840 aut
900 778 980 854 petit
995 774 1109 856 Syrtes
1124 784 1211 861 uoto,
1285 760 1288 765 ’

674 894 731 952 aut
746 890 848 952 remur
862 889 983 951 incerto
1000 880 1090 953 mari.

623 1044 802 1121 capaciores
817 1043 982 1122 atrorbus,
1000 1058 1089 1121 puer,
1108 1045 1245 1123 scyphos

674 1159 708 1217 et
722 1149 802 1217 cura
816 1155 892 1216 uhra
907 1144 963 1215 au't
978 1150 1106 1232 Lesbia,

622 1308 674 1371 uel
690 1309 770 1385 quod
787 1308 934 1370 liuentem
950 1323 1100 1370 nauseam
1117 1313 1260 1371 coerceat

676 1420 787 1481 metire
801 1420 891 1482 nohis
908 1415 1101 1482 Caecubum.

622 1589 730 1637 euram
745 1578 924 1649 metumque
940 1569 1088 1637 Caesaris
1103 1586 1209 1637 rerum
1224 1573 1316 1636 iuuat

567 1689 572 1703 ‘
675 1685 757 1747 dulci
769 1681 879 1762 Lyaeo
895 1683 1031 1747 soluere.

521 1851 564 1903 31.
589 1850 744 1910 aothollll,
767 1865 821 1899 nen
833 1849 864 1901 S.
982 1848 1025 1899 33.
1050 1849 1240 1915 capatioresll.
1324 1848 1500 1915 afferBHSg,
1527 1865 1580 1901 non

452 1921 534 1971 adice.
616 1919 741 1984 schyphos
759 1917 789 1968 S.
913 1918 956 1968 34.
977 1918 1029 1968 Aut
1048 1918 1107 1967 chia
1125 1918 1259 1971 nonnulli.
1382 1918 1424 1969 35.
1445 1920 1580 1969 coherceat

451 1989 549 2053 uusg.
667 1987 716 2039 36.
729 1985 850 2037 ceeubam
862 1984 914 2040 BS.
1032 1988 1075 2038 37.
1094 2002 1240 2053 mecumque
1253 1988 1286 2039 H.
1366 1988 1464 2038 cesaris
1477 1988 1509 2039 B.

451 2059 494 2109 38.
515 2058 573 2124 lyeo
586 2056 638 2121 ng,
654 2055 705 2105 lieo
715 2053 770 2107 HS.
955 2078 960 2087 ·
982 2084 986 2092 -

503 2226 546 2277 32.
568 2229 672 2275 incerto
690 2226 778 2275 mari.-
798 2223 875 2273 animi
893 2223 995 2274 dubita·
1037 2242 1063 2291 p.
1077 2224 1110 2275 33
1127 2224 1165 2277 b:
1192 2220 1206 2275 ὁ
1225 2228 1295 2283 Χῖος
1312 2219 1460 2287 πεπτικός,
1480 2220 1579 2307 tpo'tps-

451 2294 487 2345 tio
500 2294 533 2344 ad
545 2294 626 2360 ipsum
637 2308 708 2343 maro
722 2292 851 2355 translata
864 2300 917 2343 est:
936 2308 994 2343 nam
1034 2310 1102 2361 μσς,
1128 2292 1246 2361 cibarer
1270 2296 1393 2361 χρηστοῦ
1421 2310 1579 2361 γεννητικος

450 2362 514 2414 ferri
535 2364 633 2413 incerto
654 2362 719 2413 mari
741 2370 781 2413 est
802 2362 870 2413 nullo
890 2362 993 2413 itineris
1035 2363 1094 2413 nri.
1113 2362 1184 2413 Adde
1197 2360 1332 2413 Strabonis
1345 2362 1417 2415 Xllll
1430 2364 1445 2415 2
1459 2363 1472 2429 fi
1485 2364 1526 2415 19.
1541 2364 1577 2415 Dc

450 2432 557 2482 coasilio
571 2430 645 2482 ferri.
1035 2430 1176 2483 Lesbiaci.
1193 2432 1224 2481 ad
1239 2430 1248 2481 l
1264 2432 1294 2481 17
1308 2432 1351 2483 21.

450 2552 462 2562 ‚
502 2501 545 2551 33.
566 2502 723 2566 capaciores
736 2498 808 2563 affer
826 2500 894 2563 liae,
911 2513 992 2563 parer,
1089 2501 1130 2551 35.
1146 2500 1496 2567 qrrndjlneniernnanream
1507 2517 1578 2552 coer-

449 2571 579 2637 sepphor.-
610 2569 695 2618 uictus
725 2567 825 2617 laetitia
855 2574 992 2632 expectare
1035 2575 1111 2619 cent:
1131 2570 1332 2637 nnnsenflnens
1346 2578 1386 2621 est
1398 2570 1519 2634 uomitus,
1536 2570 1578 2636 qui

450 2638 545 2705 nequit,
561 2634 992 2687 doaecoumllaeceuateindomo
1035 2653 1091 2687 cum
1117 2652 1192 2703 saepe
1217 2638 1241 2687 in
1268 2640 1326 2689 naui
1357 2640 1460 2690 euenire
1485 2639 1576 2703 soleat,

408 2706 425 2770 J
449 2707 521 2758 illias
533 2707 632 2757 urbana
651 2704 737 2767 bibat,
757 2705 801 2755 sed
820 2704 907 2754 statim
926 2720 994 2768 cpm-
1036 2721 1132 2757 nausea
1151 2706 1305 2774 appellatur.
1329 2703 1407 2774 ‘Quia
1429 2708 1578 2759 austerissi-

449 2777 604 2843 potationem
617 2792 647 2825 eo
660 2775 716 2824 loco
729 2775 785 2825 fieri
795 2775 860 2838 uult,
873 2773 916 2823 uhi
926 2791 993 2825 nunc
1035 2791 1101 2826 mum
1126 2785 1167 2827 est
1188 2777 1334 2828 Caecubum
1358 2778 1462 2842 uinum,
1487 2779 1576 2828 morito

449 2853 578 2895 uersatur.
598 2843 665 2895 Puer
681 2859 754 2908 quem
773 2844 928 2910 alloquitur,
949 2860 993 2893 ae·
1035 2859 1156 2895 nauseam
1177 2854 1294 2910 coercet,
1318 2854 1345 2896 et
1363 2851 1460 2898 metire
1484 2847 1575 2914 inquit,

450 2929 498 2980 que
517 2913 675 2964 Maecenatis
692 2913 810 2962 minister
829 2928 885 2963 csse
907 2919 994 2978 potest
1034 2914 1094 2979 quia
1115 2915 1207 2981 cyatho
1228 2915 1363 2965 hauriebat
1380 2931 1413 2966 ex
1425 2923 1525 2966 cratere
1539 2916 1577 2966 ui-

406 3025 411 3034 .
450 2999 530 3048 neque
551 2999 626 3032 suus:
651 2997 707 3032 nam
726 2982 781 3046 ipse
800 2982 865 3031 hac
882 2982 992 3047 pretiosi
1035 2976 1112 3033 num’.
1135 2983 1306 3034 Ponanruron.
1334 2982 1439 3035 Nausea
1460 2986 1574 3048 timetur,

449 3052 503 3102 uini
521 3051 618 3116 copiam
638 3066 686 3100 noo
701 3050 826 3113 habebat3
847 3049 915 3100 conl.
930 3051 993 3100 Pro·
1034 3052 1100 3116 quod
1122 3052 1228 3102 maltum
1253 3053 1307 3102 uini
1329 3061 1355 3104 et
1377 3053 1466 3117 dulce,
1489 3062 1517 3104 ut
1537 3061 1575 3104 est

449 3135 514 3169 cem.
536 3117 660 3168 Fortasse
678 3119 743 3168 haec
760 3119 875 3184 respexit
894 3119 993 3168 Seneca
1033 3119 1163 3182 Lesbium,
1178 3120 1289 3172 bibetur.

449 3189 492 3250 (de
505 3187 546 3236 lra
565 3186 645 3235 11114
665 3186 708 3245 3);
729 3187 796 3235 bibit
814 3187 908 3236 deinde
926 3188 992 3236 libe-
1087 3189 1199 3238 37-38.
1219 3189 1297 3240 Addit
1316 3205 1418 3240 causam
1438 3190 1574 3241 hodiernae

448 3255 535 3304 relius
549 3269 629 3318 qnam
648 3253 718 3302 altas
731 3256 919 3319 ceperianum
931 3271 992 3321 scy·
1033 3256 1182 3321 patationis.
1210 3258 1352 3324 Supersunt
1372 3260 1433 3310 beili
1451 3260 1574 3324 reliquiae

444 3325 517 3390 pln‘s.
547 3320 651 3371 Calices
669 3323 787 3371 maiores
805 3323 918 3387 postulat
930 3339 992 3374 con·
1034 3325 1182 3377 aGaesare
1205 3327 1395 3392 conficiendae,
1415 3343 1481 3396 quae
1503 3329 1574 3378 nohis
1606 3355 1609 3361 ·

448 3392 510 3442 uiua
522 3391 587 3456 apud
602 3390 691 3440 Horat.
705 3389 787 3441 Serm.
803 3389 826 3441 ll
840 3390 855 3439 8
870 3392 912 3442 35.
1033 3409 1121 3444 euram
1143 3409 1174 3446 ae
1193 3404 1289 3448 metum
1308 3397 1422 3458 inierant
1442 3397 1503 3448 uino
1523 3397 1576 3465 pel-

495 3460 544 3510 34.
572 3461 638 3512 ebra
657 3462 740 3511 ulna:
759 3460 907 3512 Athenaeus
926 3461 937 3513 l
957 3461 990 3512 53
1033 3463 1145 3517 lendum.
1532 3503 1536 3510 -
