3884 5525
956 574 1093 627 llilllA'l'li

979 886 1066 947 vm.

670 1060 827 1125 Donarem
843 1067 969 1139 pateras
985 1067 1140 1138 grataque
1155 1062 1346 1137 commodus,

671 1172 856 1250 Censorius,
876 1176 953 1235 mets
970 1190 1043 1235 aera
1060 1174 1230 1248 sodalibus

457 1360 461 1371 ’
530 1366 569 1415 nt
582 1364 750 1415 Censorinum
763 1362 892 1428 ciparatio
911 1363 1040 1427 poetices,
1061 1362 1210 1412 diuitiarnn
1229 1360 1306 1410 simul
1323 1374 1354 1409 ac
1367 1359 1483 1409 uirtutis.
1511 1357 1590 1411 linco·

462 1435 587 1485 aniastice.
620 1432 774 1483 Monocolos.
807 1430 874 1481 Men
893 1431 1070 1497 asclipiadinm
1088 1431 1122 1480 A.
1241 1430 1272 1479 ad
1292 1428 1453 1479 censorinum
1472 1428 1589 1476 martium

461 1503 618 1569 comparatio
639 1502 765 1567 poetices,
789 1500 935 1550 dinitiarum
955 1501 1031 1549 simul
1051 1516 1080 1548 ae
1098 1500 1211 1549 uirtutis.
1252 1498 1432 1548 encomiasticc
1452 1496 1590 1547 tetracolon

462 1575 513 1634 (ee'c
523 1588 573 1639 per·
587 1573 717 1633 errorem)
731 1571 762 1619 B.
869 1570 907 1619 Ad
922 1568 1086 1619 Censorinum
1101 1566 1220 1617 Martium
1234 1568 1266 1617 ll.

533 1642 555 1690 1.
580 1639 757 1690 Terentianus
771 1639 883 1689 Mamur
903 1654 927 1687 u.
942 1639 1010 1688 2695
1028 1655 1056 1703 p.
1069 1638 1152 1699 2443,
1180 1636 1321 1686 Diomedes
1336 1634 1368 1685 lll
1384 1634 1426 1683 38.
1507 1632 1591 1682 Dona-

462 1709 527 1774 rem]
544 1710 564 1759 G
578 1709 675 1759 deerant
692 1709 802 1757 litterae
814 1708 933 1757 initiales
947 1723 1038 1757 omues
1057 1710 1085 1755 iu
1099 1709 1148 1757 iane
1162 1709 1290 1755 carmine.
1370 1701 1513 1751 commodus
1526 1702 1593 1760 ΑΒς

462 1779 606 1829 Blandinii
619 1776 797 1827 Terentianae
809 1776 970 1827 Diomedes:
991 1776 1130 1825 commodis
1146 1776 1225 1834 (ιἨς,
1246 1772 1369 1837 eomodijs
1383 1786 1447 1821 eorr
1456 1774 1486 1836 g.

462 1848 487 1897 2.
508 1862 553 1900 era
567 1847 600 1896 Il.

515 2014 678 2067 Carm.Vlll.
689 2014 859 2065 Prooemium.
875 2015 1008 2065 Carmini-
1050 2013 1232 2065 incommodum
1257 2009 1434 2074 subterfugere
1456 2016 1591 2070 conentur,

465 2108 521 2169 pm,
541 2107 700 2169 Censorem,
720 2110 791 2154 rget,
801 2104 915 2171 gaud„
935 2104 1008 2155 Nam
1050 2085 1109 2133 dum
1133 2082 1248 2162 aliinsex
1271 2096 1362 2130 uersus
1384 2094 1519 2144 superesse
1542 2084 1595 2127 sta-

1051 2160 1135 2214 tuunt,
1150 2152 1198 2200 alu
1212 2151 1274 2198 duos
1287 2149 1377 2197 abesse
1390 2148 1506 2196 credunt.
1529 2145 1594 2195 lllud

464 2212 507 2246 ’θ’
519 2195 663 2261 ''mela'‘
673 2200 765 2260 ΨΜ
776 2194 855 2245 Mum
869 2194 1009 2245 ‘eddim'
1051 2222 1149 2286 placuit
1162 2219 1331 2278 Lachmanno,
1352 2232 1425 2281 quern
1439 2216 1522 2265 secuti
1537 2222 1597 2264 sunt

463 2286 612 2345 mortales,-
639 2284 730 2334 eadam
755 2287 783 2333 tn
806 2286 909 2334 cestram
931 2288 1009 2351 effert
1052 2289 1176 2354 nauperes
1196 2294 1222 2336 er
1240 2284 1397 2346 Molestius,
1420 2284 1595 2333 nocerentur

464 2374 526 2425 illos
533 2413 541 2437 ,
557 2377 605 2441 qui
615 2378 671 2425 ente
684 2377 789 2423 meritis
803 2376 951 2424 humanam
962 2390 1009 2441 ge·
1052 2360 1078 2407 5¹¹
1092 2358 1172 2423 iiim
1186 2371 1233 2405 ⁵¹¹³
1245 2362 1272 2404 el
1291 2355 1401 2403 munda
1417 2354 1531 2403 “illm‘'
1545 2367 1596 2401 '¹¹¹¹‘

465 2481 515 2515 ,ms
528 2467 739 2515 obstrinxerunt
764 2462 883 2529 (Metram
899 2466 924 2529 1)
1051 2428 1142 2493 plexus
1154 2432 1208 2485 est,
1228 2424 1329 2473 scilicet
1347 2430 1375 2471 ut
1387 2429 1597 2501 quaternosuer-

742 2500 748 2513 ’
1053 2511 1096 2545 sos
1109 2497 1213 2557 iungere
1227 2500 1253 2542 et
1265 2506 1399 2541 numerare
1412 2498 1515 2557 posset;
1529 2491 1597 2539 idem

407 2620 414 2631 ⁸
517 2561 546 2610 C.
570 2559 682 2611 Marcius
707 2561 863 2611 Censorinus
888 2578 952 2611 unus
977 2578 1010 2612 cx
1052 2565 1076 2614 in
1090 2564 1167 2613 tertie
1180 2561 1292 2612 editione
1305 2575 1361 2609 mea
1378 2566 1461 2609 motus
1481 2560 1598 2609 admoni-

465 2631 510 2681 illa
526 2630 574 2681 init
586 2630 689 2692 subole,
710 2638 775 2695 qnae
790 2630 875 2679 Flacci
889 2632 1009 2680 uirtutem
1051 2634 1122 2683 tione
1136 2633 1200 2680 lenc
1219 2630 1393 2680 coniecturam
1412 2629 1516 2690 omisit,
1538 2644 1598 2677 uer-

466 2700 605 2751 cnrminum
625 2706 792 2765 perspexerat
810 2714 890 2764 eoque
912 2700 944 2749 ab
964 2701 1009 2749 illo
1053 2716 1096 2751 sus
1108 2694 1179 2750 κατὰ
1193 2702 1290 2767 στίχον
1307 2698 1454 2762 ordinauit,
1473 2698 1519 2747 sed
1541 2711 1598 2745 eos-

466 2769 592 2824 celebrari
606 2769 725 2834 cupiebat
737 2768 794 2834 (llll
809 2769 823 2818 3
839 2769 900 2835 14),
919 2769 960 2818 uir
973 2770 1011 2818 di·
1052 2772 1109 2821 dem
1127 2785 1219 2819 uersus
1239 2769 1264 2818 in
1279 2769 1364 2818 Carm.
1379 2767 1387 2817 l
1403 2768 1432 2829 1,
1451 2766 1533 2816 11130
1553 2781 1598 2832 per

465 2854 512 2890 nes
533 2853 563 2887 ac
586 2838 694 2901 nobilis,
720 2839 810 2888 consul
839 2853 896 2887 curn
921 2839 1010 2888 Asinio
1053 2841 1172 2905 strophas
1185 2839 1345 2902 conscripsit.
1368 2835 1402 2886 Vt
1414 2835 1596 2885 inreminime

467 2907 542 2958 Gallo
556 2907 640 2956 ntae
655 2907 807 2970 (a.Chr.8).
827 2905 934 2957 Mortem
947 2909 1012 2957 obiit
1053 2910 1131 2958 dubia
1150 2907 1223 2957 breui
1243 2906 1384 2970 defungar,
1405 2906 1467 2954 haec
1486 2904 1597 2954 tenenda

468 2976 492 3026 in
511 2975 625 3026 Orientis
644 2976 785 3040 prouinciis
805 2991 829 3025 a.
843 2977 902 3026 755.
925 2975 1011 3026 Velle-
1053 2985 1120 3028 sunt.
1143 2978 1167 3026 1.
1182 2975 1307 3026 Versuurn
1324 2969 1395 3024 κατὰ
1407 2976 1505 3040 στίχον
1525 2973 1597 3022 iuxta

468 3046 508 3094 ius
522 3045 541 3094 ll
560 3045 624 3094 1022
643 3045 692 3100 sed
708 3061 790 3109 quam
808 3047 879 3094 tuno
890 3043 938 3109 (ll.
953 3045 1012 3094 Lol·
1055 3047 1193 3111 positorum
1214 3059 1280 3094 noua
1297 3044 1344 3092 illa
1361 3044 1481 3092 iunctura
1500 3050 1527 3092 et
1537 3057 1598 3107 par-

468 3113 940 3178 liuurleleceesisselactets'domirtes,
954 3119 1012 3162 tum
1054 3116 1112 3164 titio
1125 3116 1172 3163 lroc
1190 3115 1220 3162 de
1240 3128 1289 3178 quo
1309 3127 1373 3161 nunc
1393 3111 1520 3176 loquimur
1539 3125 1598 3175 poe-

420 3241 428 3248 ἱ
466 3183 549 3246 paulo
565 3187 632 3246 post
648 3183 733 3229 odisse
747 3182 921 3232 Censorinum
936 3185 963 3230 in
977 3186 1013 3231 e'r-
1054 3192 1122 3232 mate
1142 3183 1317 3245 redarguitur.
1348 3183 1374 3231 2.
1398 3180 1493 3230 Eodem
1518 3179 1598 3229 tradi-

468 3249 527 3298 dem
544 3252 696 3313 prouinciis
713 3253 843 3312 grauiter
862 3250 926 3298 tulit
945 3254 1012 3299 eini-
1054 3252 1118 3301 ttoni
1140 3251 1302 3315 antiquitatis
1325 3250 1493 3312 accersatur,
1520 3246 1597 3312 siqui·

468 3323 528 3377 tae,
554 3320 645 3365 uirum
667 3315 837 3366 demerendts
858 3319 1011 3368 teristratum
1055 3321 1110 3370 dem
1129 3320 1288 3383 grammatici
1306 3327 1408 3368 ueteres
1428 3325 1454 3368 et
1472 3332 1598 3366 commen-

465 3388 597 3450 genitnm.
619 3383 715 3433 Eodem
729 3399 795 3433 anno
809 3400 857 3449 quo
870 3386 1011 3451 proximum
1054 3397 1153 3439 totores
1166 3390 1229 3438 odas
1246 3383 1435 3457 μονοκώλους,
1455 3381 1596 3443 δικώλους,

468 3468 569 3504 carmen
583 3453 615 3502 ad
629 3451 739 3502 Lollium
751 3453 855 3503 missum
869 3462 923 3516 est,
938 3456 1012 3506 cuius
1056 3451 1243 3524 urpeeaiiovc
1261 3458 1397 3519 diligenter
1412 3456 1596 3505 distinxerunt.

468 3522 550 3572 simile
573 3529 614 3572 cst
638 3530 831 3587 argumentum,
857 3525 937 3574 etiaru-
964 3527 1012 3575 hoe
1056 3529 1080 3577 3.
1101 3527 1172 3576 llanc
1187 3526 1340 3576 uarietatem
1360 3525 1391 3574 ab
1411 3524 1525 3589 antiquis
1543 3537 1599 3572 car-

468 3590 768 3656 cornpositumuidetur,
789 3592 807 3642 i.
829 3608 853 3644 e.
874 3608 939 3642 anno
961 3596 1007 3645 tlt
1055 3597 1149 3646 minum
1182 3595 1330 3660 auctoribus
1361 3595 1425 3643 scite
1455 3593 1598 3656 callideque

472 3659 695 3710 :essersene
1056 3666 1180 3715 delectem
1205 3679 1235 3713 ac
1258 3663 1350 3729 prioris
1381 3662 1440 3712 aeui
1469 3661 1598 3710 iudicibus

522 3729 635 3780 l‘ocrnati
653 3729 684 3778 ad
705 3745 813 3792 unguem
832 3731 918 3780 decies
935 3731 1014 3781 casti·
1055 3735 1187 3800 probatam
1200 3747 1249 3781 una
1264 3731 1373 3781 formula
1385 3729 1598 3796 comprehendere

469 3805 528 3863 gato
542 3815 622 3864 neque
636 3799 709 3849 deest
721 3799 825 3850 uerbum
839 3800 917 3849 ullam
931 3815 1012 3864 neque
1056 3811 1082 3852 et
1094 3818 1143 3851 uno
1156 3801 1258 3851 uinculo
1272 3800 1447 3864 constringere
1461 3799 1530 3848 uelle
1551 3813 1598 3846 nou

469 3876 595 3934 superest.
624 3867 833 3933 interpolatorem
852 3869 1013 3919 odorantium
1055 3872 1135 3920 licet:
1156 3885 1212 3919 nam
1231 3877 1320 3934 poetae
1338 3876 1441 3918 ueteres
1460 3883 1505 3934 pro
1517 3866 1600 3916 uariis

470 3935 578 3986 crimina
603 3936 671 3986 iusta
696 3938 869 4002 explicatione
892 3938 1013 3988 diluenda
1056 3939 1211 4002 argumentis
1224 3939 1298 3987 modo
1311 3937 1536 3999 minorem,mndo
1550 3951 1601 3984 ma-

470 4011 537 4054 snnt.
558 4005 676 4054 Carmine
695 4001 764 4055 κατὰ
783 4009 880 4071 στίχον
892 4021 907 4055 a
921 4005 1013 4056 Flacco
1056 4010 1136 4058 iorem
1150 4008 1175 4056 iu
1188 4007 1308 4056 uersibus
1321 4005 1500 4071 componendis
1512 4019 1601 4072 μετα-

470 4073 502 4122 ad
515 4073 581 4121 artis
595 4073 675 4136 legem
689 4073 907 4139 iuste'composita
921 4075 944 4138 (l
961 4076 1014 4124 let
1055 4071 1138 4141 βολήν
1157 4077 1316 4125 asciueruut.
1342 4077 1368 4124 4.
1389 4074 1417 4123 si
1431 4073 1557 4123 lloratius
1575 4073 1601 4120 in

472 4140 499 4189 11
523 4147 549 4188 et
571 4141 617 4203 18,
640 4141 673 4190 lll
693 4141 741 4201 30,
767 4142 810 4192 llll
829 4143 843 4193 8
863 4150 889 4192 et
909 4144 951 4204 10)
970 4143 1013 4207 qui
1056 4146 1175 4195 uersibus
1188 4138 1259 4194 κατὰ
1272 4146 1369 4210 στίχον
1383 4143 1486 4209 scriptis
1499 4149 1602 4207 qnater-

470 4206 600 4288 Meinekio
625 4217 651 4258 et
676 4209 1013 4262 Lachmanno·auetorilras
1058 4229 1102 4263 nos
1116 4229 1252 4264 secernere
1271 4220 1297 4263 et
1316 4212 1426 4277 strophis
1446 4212 1601 4274 coniungere

470 4285 603 4342 quaternis
626 4278 744 4329 uersibus
766 4290 792 4330 et
814 4295 878 4330 nouo
896 4281 1014 4344 stropha·
1056 4283 1199 4345 uoluisset,
1216 4297 1265 4332 una
1278 4288 1304 4330 et
1318 4281 1404 4331 facilis
1417 4288 1444 4330 et
1456 4287 1547 4346 aperte
1559 4279 1602 4327 uia

372 4361 389 4370 ³
470 4361 524 4394 rum
537 4361 630 4409 genere
644 4346 798 4398 dimetienda
815 4349 959 4414 opinantur,
975 4348 1013 4397 la·
1056 4351 1089 4400 ed
1113 4352 1160 4400 leuc
1184 4351 1307 4416 patebat:
1339 4349 1457 4399 nimirum
1483 4355 1602 4413 quartum

470 4414 571 4494 lerant,
585 4430 641 4464 curu
653 4423 755 4465 uentum
769 4424 809 4466 est
824 4417 854 4465 ad
870 4418 933 4465 lrunc
946 4417 1011 4466 oden
1056 4433 1180 4484 quemque
1198 4435 1300 4469 uersum
1315 4433 1365 4468 uno
1378 4419 1442 4484 pede
1455 4418 1498 4466 uel
1511 4417 1601 4466 ordine

470 4484 576 4546 triginta
593 4491 714 4548 quattuor
733 4499 824 4534 uersus
841 4485 1013 4534 continentem
1056 4488 1178 4537 minorem
1191 4487 1320 4551 dedisset,
1340 4502 1415 4552 quam
1435 4486 1562 4535 rationem
1575 4484 1602 4532 ia

471 4558 547 4615 atque
578 4551 693 4602 uouitiae
718 4552 883 4617 descriptioni
910 4553 1013 4611 fortiter
1056 4555 1166 4606 Carml
1186 4557 1202 4605 6
1220 4564 1246 4606 et
1266 4557 1343 4606 tter
1361 4555 1394 4605 14
1407 4562 1434 4604 et
1446 4555 1496 4617 33,
1522 4553 1542 4602 ΙΙ
1561 4553 1600 4613 12,

471 4627 659 4683 repugnantem.
680 4619 730 4669 Sed
749 4635 807 4669 ecce
828 4629 883 4671 arte
903 4623 1011 4687 quadarn
1056 4624 1091 4674 lll
1107 4625 1138 4673 10
1151 4632 1178 4674 ct
1192 4625 1239 4688 16,
1259 4624 1307 4674 llll
1320 4625 1336 4674 5
1350 4632 1377 4675 et
1391 4624 1422 4673 12
1439 4640 1467 4674 re
1479 4638 1544 4673 uera
1557 4623 1602 4671 ad-
