3884 5525
441 674 541 718 xxviii
589 708 595 714 .
871 646 1136 701 rnctnnnnuna.

442 823 634 889 iconoclastis
656 821 739 905 inpio
759 815 838 885 bello
860 818 1028 883 furentibus
1051 818 1200 880 laceratus
1222 818 1315 897 est*).
1347 816 1374 878 A
1395 815 1515 881 Nannio
1537 818 1573 881 de

443 931 500 993 hoc
515 929 591 993 libro
607 930 651 994 sic
665 929 793 991 relatum
814 927 938 1010 legimns
958 925 991 987 in
1007 922 1283 987 Me'ecelluneorum
1299 922 1320 985 l.
1340 910 1381 985 lll
1396 945 1424 986 e.
1446 928 1481 986 1:
1506 946 1574 989 ceren

445 1037 596 1103 Gandaui
622 1037 782 1100 baconem
804 1033 991 1096 cheensem
1010 1029 1155 1112 fratris,
1181 1050 1315 1115 grecana
1338 1030 1425 1092 illam
1450 1031 1573 1116 quidem

443 1166 505 1207 non
525 1144 634 1227 calpeu,
659 1141 717 1204 sed
737 1161 832 1213 casa,
856 1174 899 1185 -
919 1138 997 1199 adeo
1022 1135 1236 1199 bibliothecam
1253 1135 1288 1199 S.
1307 1134 1400 1199 Petri
1417 1140 1450 1199 in
1472 1147 1574 1200 monte

444 1248 628 1326 blandonia,
639 1248 695 1311 nbi
708 1248 816 1309 inueni
829 1246 1077 1328 antiquissimam
1088 1242 1267 1319 Horatium,
1281 1242 1372 1305 aclea
1388 1264 1427 1306 cc
1441 1245 1572 1308 reuolue

444 1356 559 1418 omnia.
583 1353 715 1419 Annoto
731 1353 905 1436 diligenter
926 1348 1076 1434 quicquid
1097 1368 1213 1433 operae
1229 1349 1332 1432 pretii
1351 1349 1429 1411 mibi
1448 1350 1574 1413 cidebu-

445 1471 508 1524 ter.
532 1460 683 1524 Naeuium
699 1468 771 1521 tuuc
786 1478 847 1519 uon
863 1455 988 1519 latuisse
1009 1454 1099 1517 etiam
1121 1464 1238 1517 ceteros
1262 1454 1393 1518 eiusdem
1415 1454 1574 1548 bibliothe·
1612 1488 1614 1493 ·

445 1587 499 1630 cae
514 1568 633 1630 codices
650 1564 782 1641 Horatii,
806 1563 936 1627 iudicant
958 1582 1036 1645 quae
1060 1560 1147 1645 paulo
1168 1570 1235 1644 post
1250 1561 1361 1645 scripta
1376 1572 1462 1625 snut:
1487 1566 1519 1625 in
1536 1584 1574 1627 ea

444 1671 631 1735 bibliotheca
661 1674 770 1734 inueni
789 1672 874 1732 nitus
896 1670 1028 1733 Horatii
1045 1666 1249 1753 plurifariam
1277 1670 1492 1753 conscriptas,
1516 1668 1575 1731 scd

336 1791 342 1803 '
445 1776 674 1857 indoctissime,
700 1782 784 1841 inter
798 1797 878 1863 qnae
894 1786 995 1838 tumen
1014 1794 1077 1837 nna
1092 1766 1303 1856 emeiniasm't.
1326 1772 1403 1837 Nam
1427 1774 1505 1839 uitas
1526 1776 1574 1838 in-

446 1884 623 1946 doctissimc
638 1885 833 1966 conscriptas
847 1880 1026 1964 significauit
1040 1880 1132 1958 illam,
1152 1900 1237 1963 quam
1255 1880 1403 1963 Cruqnius
1420 1901 1460 1943 cx
1477 1881 1573 1945 tribus

445 1990 568 2072 reliquis
584 1988 748 2053 blandiniis
770 1987 861 2050 tertio
884 1988 951 2050 loco
973 1987 1004 2049 in
1020 1986 1183 2070 appendice
1198 1986 1337 2049 editionis
1352 2006 1425 2051 snae
1441 1999 1470 2051 et
1485 1994 1572 2071 quain

445 2098 577 2159 secundo
592 2096 660 2159 loco
675 2116 714 2159 en
730 2106 835 2160 uetere
851 2094 1007 2156 blandinio
1024 2093 1192 2175 descripsit.
1217 2093 1353 2156 Nannius
1372 2094 1508 2177 proximo
1526 2116 1573 2158 ca·

445 2201 506 2285 pite
523 2204 572 2285 (2)
588 2202 681 2265 uitam
692 2202 807 2265 Horatii
823 2222 865 2264 ex
879 2211 983 2263 netere
994 2200 1149 2263 blandinio
1166 2200 1315 2283 ascripsit,
1326 2210 1386 2263 tum
1401 2202 1441 2279 (c.
1454 2202 1574 2283 3-18)

445 2308 594 2392 exemplis
615 2309 766 2372 nonnullis
788 2308 919 2370 ostendit
941 2308 1088 2389 quomodo
1111 2306 1223 2369 scholia
1239 2306 1366 2370 Acronis
1390 2306 1492 2386 (huius
1512 2308 1574 2371 cdi·

444 2412 557 2476 tionem
573 2415 625 2478 ille
640 2416 776 2497 parabat)
792 2414 940 2477 blandinii
956 2414 1067 2477 codicis
1087 2413 1202 2477 auxilio
1218 2414 1346 2497 suppleri
1364 2416 1573 2497 emendarique

396 2500 405 2520 ’
445 2531 587 2603 possent,
612 2520 718 2584 deinde
742 2522 844 2585 eadem
867 2522 916 2585 uia
931 2520 968 2583 ad
985 2521 1095 2603 epodos
1111 2531 1141 2583 et
1156 2530 1250 2583 artem
1268 2520 1414 2603 poetieam
1439 2521 1574 2604 perrexit

445 2629 615 2709 (tc-24).
638 2627 685 2691 At
706 2629 816 2692 satiras
838 2648 1017 2712 progressus
1034 2632 1076 2706 (e.
1088 2630 1143 2709 25)
1160 2627 1334 2689 annotauit:
1360 2638 1452 2691 aetus
1471 2629 1574 2692 codem

444 2732 527 2796 nibil
544 2754 602 2797 nos
625 2736 657 2798 in
681 2734 884 2799 Sermonihne
909 2736 1060 2798 ade'nnal:
1088 2754 1159 2794 narn
1177 2742 1310 2823 praeter
1332 2734 1402 2816 apsa
1431 2739 1574 2798 cercenna

445 2837 578 2903 Horatii
589 2841 674 2904 nibil
685 2842 789 2904 babet.
815 2840 899 2919 Quae
915 2840 1006 2902 uerba
1022 2859 1060 2901 ne
1076 2857 1178 2921 praue,
1197 2838 1309 2913 lector,
1328 2837 1497 2921 intellegas,
1516 2843 1573 2903 hoc

444 2945 534 3009 debes
548 2946 732 3025 meminisse,
750 2947 899 3009 Nunnium
919 2946 947 3007 id
964 2945 1065 3027 egisse
1080 2954 1112 3006 nt
1127 2943 1256 3005 heronis
1272 2945 1515 3008 commentarium
1532 2967 1572 3009 ex

444 3052 557 3114 ueteris
573 3051 720 3114 blandinii
735 3052 856 3114 scholiis
872 3050 1035 3133 compleret
1051 3060 1081 3112 et
1095 3049 1263 3132 corrigeret
1277 3069 1372 3131 eoque
1388 3051 1482 3114 lucem
1499 3075 1573 3116 non-

445 3156 534 3220 nullis
557 3157 674 3219 Horatii
695 3157 770 3218 lccis
791 3158 989 3230 accenderet,
1023 3167 1083 3221 tum
1105 3157 1201 3239 ipsum
1225 3177 1284 3218 non
1308 3156 1394 3219 laeuc
1416 3158 1573 3242 scripsisse

440 3256 574 3345 ‘praeter
594 3265 664 3346 apsa
685 3258 841 3339 carmiua',
865 3281 962 3345 neque
985 3262 1183 3346 inprudenter
1203 3262 1234 3324 in
1256 3263 1375 3326 niomine
1391 3264 1572 3328 Sermonum

443 3368 545 3431 littera
565 3368 746 3446 maiuscula,
778 3369 809 3430 iu
831 3372 1002 3431 eerrninnm
1025 3370 1171 3432 uocabulo
1196 3369 1361 3434 minuscula
1384 3385 1468 3434 nsum
1491 3391 1571 3434 esse.

443 3474 523 3537 ttieit
537 3475 630 3557 igitur
643 3473 675 3537 iu
691 3473 866 3536 Sermonum
882 3474 966 3538 libris
983 3476 1096 3540 scholia
1111 3477 1208 3538 ueteri
1224 3476 1380 3540 blandinio
1397 3499 1458 3540 non
1480 3477 1573 3540 ascri-

443 3591 494 3665 pta
509 3582 613 3658 luisse,
637 3601 763 3663 eamque
778 3601 897 3644 eausam
915 3603 982 3646 esse
999 3605 1051 3646 cnr
1065 3584 1123 3646 iam
1140 3604 1194 3646 suo
1216 3583 1348 3666 periculo
1370 3585 1400 3646 in
1417 3583 1572 3645 Horatium

444 3688 640 3750 commentari
664 3693 832 3771 pergant).
865 3689 928 3753 Hoc
949 3690 1101 3753 aNannio
1122 3690 1271 3774 proditum
1287 3709 1433 3752 memores
1451 3696 1574 3751 teneant

444 3794 494 3876 qui
512 3793 752 3857 Commentatori
768 3794 821 3856 illo
839 3794 1010 3877 Crnquianc
1026 3795 1057 3856 in
1073 3794 1250 3858 Sermonum
1265 3795 1349 3858 libris
1365 3795 1407 3856 nti
1425 3792 1536 3856 uolent.

512 3971 537 4037 *)
557 3973 632 4023 Cani.
639 3975 767 4024 Famiuni
774 3975 892 4024 Strudac
905 3974 935 4022 de
946 3973 1013 4022 bello
1024 3974 1124 4037 Belgica
1135 3974 1244 4024 decades
1258 3973 1278 4022 ll
1290 3973 1355 4022 libro
1367 3971 1388 4022 V
1402 3991 1426 4039 p.
1437 3974 1572 4022 tan-150
1601 3995 1604 4003 ·

443 4041 485 4091 ed.
498 4040 618 4093 Francos.
636 4044 711 4092 1651.
737 4043 839 4092 Perisse
852 4042 1032 4092 bibliothecam
1048 4043 1244 4093 blandiniama.
1258 4043 1323 4093 1568
1338 4049 1427 4092 narrat
1439 4041 1574 4093 lllitscher·

442 4110 537 4161 lichius
549 4119 576 4162 et
588 4112 634 4162 alii
647 4113 713 4162 bunc
726 4112 824 4163 incauti
838 4118 986 4176 sequnntur.
1391 4135 1394 4142 ·

498 4178 536 4244 ”t
556 4181 581 4229 ln
595 4196 708 4230 errorem
728 4198 775 4229 uon
796 4181 878 4229 leuem
897 4180 988 4228 incidit
1002 4179 1160 4230 bannensevs
1174 4179 1259 4230 Pavor
1280 4127 1415 4230 seribens'
1409 4197 1433 4230 ιιι
1449 4180 1573 4230 disserta·
1562 4197 1592 4238 -ι

442 4248 525 4298 tione
534 4249 680 4312 inaugurali
704 4250 893 4314 (Quaestiones
911 4249 1079 4298 Horatianae
1102 4253 1224 4327 criticae)
1242 4249 1345 4299 bonnae
1368 4250 1437 4300 edita
1459 4266 1484 4299 a.
1508 4249 1570 4298 1851

443 4333 502 4382 pag.
519 4319 550 4366 l:
572 4315 663 4368 inulto
682 4326 766 4366 antem
785 4318 892 4379 grauior
910 4324 949 4366 est
967 4333 1041 4381 quem
1066 4333 1131 4368 nunc
1152 4320 1276 4382 corrigam
1299 4319 1379 4382 lanii,
1402 4317 1570 4380 brannherdi,

442 4387 600 4452 aliorumque
621 4401 733 4436 errorem
755 4387 843 4435 eodem
864 4386 950 4434 codice
971 4385 1105 4435 Nannieno
1128 4394 1219 4436 ortuin.
1259 4387 1358 4437 Etenim
1382 4404 1436 4436 eum
1457 4386 1573 4436 Nunnius

442 4453 555 4504 codicem
574 4471 659 4516 suain,
685 4462 712 4504 ut
734 4469 806 4518 quem
826 4454 954 4503 inuenerit
975 4455 1000 4503 iu
1021 4455 1177 4504 bibliotheca
1191 4451 1367 4505 Blandiuiaua‘
1390 4459 1475 4518 (imino
1493 4471 1571 4504 snam

443 4525 556 4574 codicem
571 4493 669 4572 Horatii
681 4522 816 4572 Naeuius
809 4540 834 4572 iu
849 4524 1004 4574 bibliotheca
1018 4525 1152 4574 blandinia
1167 4541 1214 4573 nou
1229 4527 1344 4586 inuenit,
1364 4541 1444 4589 neque
1459 4524 1502 4572 ille
1516 4538 1571 4572 cuna

443 4591 577 4642 blandinio
591 4591 748 4640 commisceri
763 4591 863 4673 debet),
880 4587 980 4642 ‘eodem
994 4594 1094 4642 noniiue
1108 4594 1209 4660 saepius
1222 4561 1360 4656 insignial,
1382 4609 1431 4656 qno
1445 4591 1572 4656 Cruqnins

443 4676 503 4712 suos
515 4655 704 4711 blandinianos'
718 4655 807 4725 (sic),‘
812 4667 838 4712 ct
849 4669 985 4726 praeterea
998 4663 1053 4729 plus
1067 4663 1155 4726 semel,
1169 4667 1307 4712 noluetum
1322 4667 1370 4710 ant
1381 4665 1571 4727 pertentantem
