3884 5525
954 593 1096 647 notarit

989 785 1060 846 XX.

671 934 746 1000 Nou
760 937 880 1010 usitata
894 950 951 996 nec
965 935 1054 996 tenui
1070 935 1155 997 lerar

620 1033 622 1037 ’
671 1051 766 1124 pinna
780 1046 923 1108 bilormls
939 1045 1159 1122 perliquidum
1176 1047 1304 1108 aethera

670 1162 772 1236 uates,
790 1172 890 1233 necue
904 1157 937 1218 ln
952 1157 1047 1219 terris
1063 1158 1207 1219 morabor
1297 1237 1299 1243 ,

671 1270 810 1347 longius,
827 1269 1008 1344 inuidiaque
1025 1269 1123 1330 maior

670 1424 765 1485 urbes
780 1423 965 1499 relinquam.
998 1437 1060 1484 non
1076 1436 1135 1496 ego
1151 1435 1321 1497 pauperum
1359 1418 1361 1422 '

672 1535 803 1611 sanguis
817 1539 994 1610 parentum,
1013 1547 1075 1594 non
1092 1546 1150 1608 ego
1166 1545 1257 1607 quem
1273 1543 1368 1592 uocas

531 1689 571 1740 Ad
583 1687 766 1739 Maecenatem.
787 1687 855 1739 Meti·
866 1695 917 1740 cel.
927 1691 960 1740 A.
1050 1687 1088 1737 Ad
1102 1692 1257 1736 maceratam
1270 1685 1408 1749 allegorice
1421 1685 1526 1754 dycolos
1536 1685 1568 1734 B.

463 1756 612 1808 Paranctice
625 1758 675 1808 sibi
687 1758 729 1808 nel
739 1758 771 1807 ad
778 1755 935 1808 Mecenatem
946 1757 1083 1821 allegorice
1095 1754 1242 1806 tetracolos.
1263 1753 1431 1804 Immortalem
1441 1769 1468 1804 se
1480 1753 1592 1804 iunctum

463 1827 583 1876 carminis
595 1827 715 1877 benefitio
730 1834 756 1876 et
769 1827 795 1876 in
809 1828 909 1892 cignnm
923 1826 1121 1876 conuertendum
1135 1825 1173 1873 ait
1184 1823 1217 1872 H.

533 1897 557 1946 1.
576 1897 719 1946 Diomedes
732 1893 764 1945 ΙΙΙ
776 1896 817 1945 36.
889 1893 945 1951 Non
957 1891 1043 1961 §rtaita
1058 1896 1097 1958 (b.
1111 1910 1134 1942 a.
1147 1889 1204 1941 Non
1217 1890 1324 1954 usitata,
1338 1896 1371 1940 at
1382 1891 1465 1956 uulgo
1479 1891 1590 1956 legitur,

462 1965 562 2028 §ualet
578 1980 609 2013 us
627 1965 738 2014 attineo
754 1970 797 2014 cst
813 1969 878 2014 nota
891 1966 1016 2026 metrico)
1028 1963 1063 2013 A.
1134 1975 1183 2010 non
1196 1960 1268 2010 tenui
1282 1975 1309 2020 ς.
1415 1959 1440 2008 2.
1460 1960 1592 2024 pinnaA:

463 2031 550 2081 Penna
563 2031 663 2099 BGHg.
764 2032 791 2082 3.
811 2048 857 2083 nec
872 2033 902 2083 B.
975 2039 1047 2082 terra
1061 2046 1087 2091 ς.

510 2165 665 2218 earmxll.
674 2167 841 2218 Prooemium.
851 2170 1007 2235 Eoeemptas
1047 2169 1148 2232 pinno:
1169 2163 1255 2214 diuina
1268 2165 1308 2214 uis
1321 2164 1373 2214 erit
1385 2163 1409 2214 in
1423 2163 1511 2230 pinna,
1529 2179 1593 2230 quae

463 2257 597 2307 moriendi
616 2261 774 2307 mmipm
793 2263 821 2308 ,t
842 2261 871 2307 ,un
895 2274 1007 2325 monum
1050 2241 1150 2302 poetam
1169 2234 1224 2283 sine
1243 2234 1325 2298 ipsius
1344 2233 1473 2282 molimine
1492 2232 1593 2284 facilem

1050 2318 1081 2353 ac
1095 2302 1227 2352 sublimem
1245 2317 1322 2367 supra
1340 2308 1425 2350 terras
1445 2300 1510 2352 ieret
1530 2303 1594 2365 (non

371 2418 373 2422 ,
464 2361 596 2396 ⁶⁰¹²⁰mm
621 2352 822 2397 ‘mmmmm'
839 2364 892 2414 W
916 2353 1006 2398 tem*
1049 2372 1184 2432 usitata),
1202 2369 1593 2434 eademnoninlirmaerit,sed

463 2435 572 2486 notabo.
595 2437 693 2487 Aiunt
711 2439 798 2503 igitar
815 2441 893 2487 inani
903 2438 1007 2502 fauere
1050 2440 1129 2490 densa
1148 2439 1212 2500 (non
1234 2439 1333 2503 tenuis)
1354 2453 1434 2502 eoque
1455 2439 1543 2489 ualida
1564 2453 1594 2489 ac

463 2527 553 2577 luctae
566 2531 592 2576 et
604 2529 799 2591 querimoniae,
824 2530 908 2577 etiam
918 2528 1007 2593 aepul-
1051 2524 1100 2558 ¹¹⁰⁰
1114 2508 1242 2558 deflssiifli·

500 2617 507 2628 .
857 2616 863 2628 .
1103 2577 1128 2626 2.
1150 2578 1292 2642 biformis:
1312 2582 1493 2634 antemonet,
1510 2575 1594 2626 sedin

463 2629 504 2664 Μ
517 2615 642 2682 mm*
657 2613 777 2678 (metrum
791 2615 935 2680 Almam)
1050 2660 1157 2712 cycnum
1173 2652 1286 2694 mutatus
1305 2645 1370 2696 duas
1389 2644 1482 2693 formas
1500 2643 1593 2695 iunxit.

517 2711 637 2765 Carmina
656 2729 702 2765 sna
715 2721 836 2781 perpetuo
849 2729 967 2765 mansura
982 2721 1009 2765 et
1049 2713 1156 2765 Acutius
1168 2729 1242 2780 quam
1253 2713 1342 2764 uerius
1353 2711 1526 2781 Porphyrion:
1543 2708 1595 2765 ‘bi-

370 2830 375 2837 .
463 2783 494 2833 ad
515 2783 699 2834 remotissimas
718 2785 835 2835 nationes
853 2792 1007 2850 peruentura
1051 2783 1155 2833 iormem
1169 2790 1253 2833 antem
1266 2799 1293 2833 se
1306 2783 1378 2845 dicit,
1392 2783 1458 2846 quod
1474 2789 1500 2832 et
1512 2783 1594 2849 lyrica

463 2866 519 2902 esse
529 2852 664 2916 praedicit.
683 2852 740 2917 ipsa
749 2853 909 2902 inmortalem
921 2850 1008 2902 aucto·
1051 2852 1149 2902 scribat
1162 2858 1189 2901 ct
1202 2845 1381 2902 benametras'.
1397 2851 1456 2900 Sola
1468 2852 1592 2914 carmina,

464 2936 517 2970 rem
531 2920 636 2970 iaciant.
661 2921 827 2972 Occasionem
840 2921 961 2970 carminis
975 2920 1007 2969 ad
1052 2936 1100 2969 non
1113 2920 1192 2970 etiam
1210 2935 1354 2981 sermones,
1376 2936 1442 2969 nune
1460 2928 1536 2985 poeta
1555 2935 1593 2969 re-

462 2986 638 3039 Maecenatem
658 2990 729 3039 missi
751 2991 815 3039 banc
836 2990 914 3040 fuisse
937 3004 1006 3038 reor.
1051 2989 1145 3054 spexit.

420 3099 432 3117 ,
465 3056 527 3107 Cum
536 3055 672 3106 Maecenas
682 3058 756 3107 baem
766 3059 836 3107 uitae
845 3073 907 3108 suae
917 3058 1006 3107 adesse
1102 3058 1129 3105 4.
1151 3057 1308 3121 inuidiaque
1319 3060 1425 3109 maior.-
1444 3072 1516 3122 quem
1529 3056 1594 3107 iuui-

464 3131 568 3189 questus
580 3131 649 3173 esset
661 3140 692 3173 ac
711 3126 909 3175 sollicitudinem
922 3126 953 3175 de
967 3124 1007 3175 ia·
1051 3124 1212 3188 disiungere
1226 3126 1274 3175 iam
1289 3126 1385 3191 nequit.

462 3200 520 3241 tura
534 3192 609 3240 amici
629 3193 668 3240 sui
686 3200 756 3243 sorte
775 3201 957 3256 memorasset,
978 3201 1007 3243 at
1103 3192 1180 3244 5-8.
1200 3209 1253 3243 non
1266 3210 1315 3259 ego
1328 3222 1362 3231 -
1374 3194 1463 3245 anda.-
1478 3195 1594 3244 baccae·

463 3259 557 3309 iactum
571 3258 681 3308 uidimus
694 3260 718 3308 in
732 3261 844 3310 carmine
859 3261 933 3311 buius
946 3262 1006 3311 libri
1050 3260 1157 3326 cedunt,
1179 3277 1210 3311 ne
1225 3261 1289 3311 ialso
1306 3263 1465 3328 accipiantur
1479 3264 1593 3329 proxima

462 3328 568 3392 septimo
582 3326 1007 3384 decimo,enramillamexcaris·
1050 3346 1133 3395 neque
1157 3334 1186 3380 in
1212 3334 1292 3381 ternis
1315 3334 1445 3382 morabor
1469 3332 1592 3398 longius:

463 3396 521 3444 sini
540 3394 648 3444 bominis
667 3397 751 3445 animo
770 3397 869 3446 duabus
885 3398 940 3447 odis
952 3399 1007 3448 cxi·
1051 3413 1107 3448 uam
1121 3399 1197 3462 uulgo
1209 3408 1316 3449 mortem
1330 3400 1434 3463 obeunt,
1455 3401 1497 3465 qui
1510 3408 1593 3451 terras

462 3478 532 3513 mere
545 3469 651 3513 conatus
670 3472 710 3513 cst
722 3465 862 3526 Horatius;
883 3466 907 3515 in
922 3467 1007 3517 altera
1050 3467 1175 3533 urbesque
1190 3468 1344 3533 relinquunt.
1365 3467 1527 3534 Quapropter
1540 3483 1593 3518 ma·

462 3532 520 3596 (17)
539 3531 667 3596 pollicitus
686 3540 726 3583 est
744 3550 770 3583 se
787 3550 843 3583 cum
856 3533 1005 3586 Maecenate
1050 3552 1100 3600 gua
1117 3552 1173 3585 cum
1192 3537 1219 3587 ui
1237 3545 1370 3588 asseuerat
1388 3554 1415 3587 se
1429 3553 1476 3587 aon
1490 3537 1594 3587 moritu-

462 3600 537 3650 simul
549 3600 677 3649 obiturum
690 3617 759 3665 esse,
778 3602 802 3651 in
817 3603 864 3653 bac
876 3603 1006 3669 professus
1049 3620 1104 3655 rum
1119 3620 1185 3657 esse.

461 3676 511 3731 est,
526 3669 565 3719 sui
577 3677 684 3719 mortem
697 3687 745 3719 nnn
758 3678 786 3720 ut
798 3671 823 3719 in
834 3673 930 3722 ceteris
939 3688 1007 3723 mor·
1101 3675 1180 3725 5-7.
1194 3690 1247 3724 non
1261 3690 1308 3739 ego
1319 3688 1468 3739 pauperum
1479 3677 1593 3738 sanguia

461 3739 556 3789 talibus
569 3746 717 3789 euenturam
730 3756 804 3802 essa,
826 3741 870 3790 sed
889 3741 927 3791 ita
946 3758 1007 3792 con·
1047 3748 1212 3807 parentam,
1232 3758 1284 3792 non
1298 3758 1345 3806 ego
1359 3756 1436 3805 quem
1449 3755 1531 3788 uocas
1542 3736 1594 3790 ‘do‘-

461 3814 629 3872 aeeuturam,
644 3815 671 3857 ut
685 3824 729 3873 pro
742 3824 836 3859 summo
850 3810 954 3860 deorum
967 3812 1007 3859 in·
1050 3806 1136 3873 laete',
1158 3811 1313 3861 Maecenas:
1332 3822 1387 3857 cum
1405 3807 1446 3855 uir
1458 3806 1565 3868 insignis
1578 3825 1593 3859 e

462 3876 606 3926 mortaline
631 3876 753 3927 beneficio
782 3878 871 3929 baberi
901 3880 1004 3929 debeat.
1050 3878 1104 3928 uita
1126 3878 1259 3940 discessit,
1286 3877 1311 3925 in
1334 3874 1480 3925 laudatione
1501 3876 1545 3925 uel
1566 3877 1591 3926 in

461 3942 502 3993 Ex
515 3944 673 3994 laceratione
690 3961 756 3997 anno
770 3946 819 3995 730
832 3950 869 4017 (a,
883 3946 942 3997 Chr.
959 3948 1005 4008 tt)
1049 3946 1217 3996 monumentis
1238 3960 1321 3995 rernm
1346 3942 1475 4005 reiertur,
1499 3942 1592 4008 (pinibus

462 4012 509 4061 boc
530 4027 629 4062 carmen
653 4014 855 4078 assignabimus,
875 4016 901 4065 id
920 4023 963 4079 =est
981 4016 1005 4065 ei
1049 4014 1197 4079 parentibus
1211 4021 1301 4074 natus,
1321 4011 1411 4077 quibus
1428 4012 1517 4062 amicis
1530 4030 1591 4063 usas

461 4081 584 4145 tempori,
601 4096 650 4145 qao
664 4081 786 4132 Horatius
797 4085 932 4134 maximam
945 4099 1006 4148 par·
1048 4082 1091 4131 sit.
1125 4082 1231 4131 Flaccus
1258 4081 1308 4129 iam
1339 4087 1423 4129 terras
1453 4081 1591 4132 relicturas

460 4155 511 4199 tem
525 4150 640 4212 odarum,
659 4165 724 4214 quae
736 4152 818 4201 tribus
831 4153 904 4201 libris
917 4152 1005 4217 primis
1048 4150 1149 4214 egregie
1174 4149 1237 4199 baec
1259 4150 1413 4214 composuit,
1437 4164 1464 4199 se
1487 4150 1591 4213 ignobili

460 4217 632 4279 continentur,
647 4218 696 4267 iam
708 4220 862 4285 perfecerat.
883 4220 1005 4269 Hoccar·
1047 4217 1103 4267 loco
1129 4224 1214 4267 natum
1238 4224 1265 4267 ct
1289 4218 1379 4267 summi
1402 4218 1453 4267 uiri
1477 4218 1591 4268 amicitia

459 4285 535 4335 minis
548 4292 722 4350 argumentum
735 4289 857 4353 postulat,
874 4287 933 4336 baie
946 4302 1005 4352 per·
1047 4285 1148 4349 dignum
1162 4286 1276 4335 habitum
1289 4302 1356 4337 esse.
1585 4340 1594 4357 ι

461 4352 528 4404 ieota
541 4355 665 4404 condendi
685 4356 832 4423 systematis
845 4355 944 4405 Alcaici
958 4370 1003 4404 ars
1099 4354 1176 4403 6—7.
1198 4370 1275 4419 quem
1289 4371 1371 4407 accae
1381 4350 1506 4417 ‘dilecte’,
1518 4354 1591 4404 Mae·

459 4423 580 4474 concinit.
600 4423 698 4473 ironiae
717 4424 800 4473 nescio
819 4424 891 4473 cuius
904 4423 1003 4485 cogita·
1046 4436 1139 4472 cenosa
1158 4438 1231 4487 quem
1247 4431 1275 4475 tu
1288 4426 1408 4476 dilectum
1422 4424 1477 4475 siue
1491 4423 1589 4473 nomina

459 4492 552 4543 tionem
564 4493 690 4558 interpres
703 4492 751 4542 rite
762 4491 842 4541 officio
853 4490 1002 4543 satisfactu—
1046 4490 1133 4541 dilecti
1146 4491 1220 4542 amici
1233 4509 1327 4545 uocare
1341 4494 1419 4545 soles.
1440 4492 1514 4543 Coni.
1529 4491 1587 4557 Epi.
1646 4502 1649 4509 ’

459 4575 502 4611 rus
515 4576 648 4612 manauere
661 4560 745 4610 debet.
1046 4558 1055 4609 l
1069 4561 1085 4610 ii
1097 4561 1146 4611 54:
1163 4556 1275 4627 ‘fratem
1293 4558 1382 4628 potar'
1398 4562 1476 4613 adde.
1503 4559 1590 4611 Ouidii

512 4631 599 4680 1-2.
619 4645 672 4681 non
692 4630 800 4679 usitata
817 4644 865 4679 nac
882 4632 957 4680 tenui
968 4656 1001 4667 -
1045 4628 1129 4681 Amor.
1142 4630 1174 4682 lt
1188 4631 1228 4683 19:
1241 4636 1301 4699 qais
1310 4622 1587 4692 mibinon‘demens',
