<?xml version="1.0" encoding="UTF-8"?>
<!DOCTYPE html PUBLIC "-//W3C//DTD XHTML 1.0 Transitional//EN"
    "http://www.w3.org/TR/xhtml1/DTD/xhtml1-transitional.dtd">
<html xmlns="http://www.w3.org/1999/xhtml" xml:lang="en" lang="en">
 <head>
  <title>
</title>
<meta http-equiv="Content-Type" content="text/html;charset=utf-8" />
  <meta name='ocr-system' content='tesseract 3.04.00' />
  <meta name='ocr-capabilities' content='ocr_page ocr_carea ocr_par ocr_line ocrx_word'/>
</head>
<body>
  <div class='ocr_page' id='page_1' title='image "./horatiicarminae00rittgoog/horatiicarminae00rittgoog_0111.png"; bbox 0 0 3884 5525; ppageno 0'>
   <div class='ocr_carea' id='block_1_1' title="bbox 770 621 1039 676">
    <p class='ocr_par' dir='ltr' id='par_1_1' title="bbox 770 621 1039 676">
     <span class='ocr_line' id='line_1_1' title="bbox 770 621 1039 676; baseline -0.004 -2"><span class='ocrx_word' id='word_1_1' title='bbox 770 621 976 676; x_wconf 81' lang='lat' dir='ltr'><strong>canttltlvtll</strong></span> <span class='ocrx_word' id='word_1_2' title='bbox 998 624 1039 674; x_wconf 83' lang='lat'><strong>15.</strong></span> 
     </span>
    </p>
   </div>
   <div class='ocr_carea' id='block_1_2' title="bbox 864 959 933 1020">
    <p class='ocr_par' dir='ltr' id='par_1_2' title="bbox 864 959 933 1020">
     <span class='ocr_line' id='line_1_2' title="bbox 864 959 933 1020; baseline 0 0"><span class='ocrx_word' id='word_1_3' title='bbox 864 959 933 1020; x_wconf 78' lang='lat' dir='ltr'><strong>XV.</strong></span> 
     </span>
    </p>
   </div>
   <div class='ocr_carea' id='block_1_3' title="bbox 546 1125 1274 1315">
    <p class='ocr_par' dir='ltr' id='par_1_3' title="bbox 546 1125 1274 1315">
     <span class='ocr_line' id='line_1_3' title="bbox 546 1125 1274 1202; baseline -0.001 -13"><span class='ocrx_word' id='word_1_4' title='bbox 546 1125 661 1190; x_wconf 85' lang='lat' dir='ltr'><strong>Pastor</strong></span> <span class='ocrx_word' id='word_1_5' title='bbox 675 1140 746 1188; x_wconf 91' lang='lat' dir='ltr'><strong>cum</strong></span> <span class='ocrx_word' id='word_1_6' title='bbox 761 1126 900 1189; x_wconf 87' lang='lat' dir='ltr'><strong>traheret</strong></span> <span class='ocrx_word' id='word_1_7' title='bbox 914 1141 970 1202; x_wconf 90' lang='lat' dir='ltr'><strong>per</strong></span> <span class='ocrx_word' id='word_1_8' title='bbox 985 1125 1066 1188; x_wconf 80' lang='lat' dir='ltr'><strong>neta</strong></span> <span class='ocrx_word' id='word_1_9' title='bbox 1081 1127 1214 1190; x_wconf 79' lang='lat' dir='ltr'><strong>nculttus</strong></span> <span class='ocrx_word' id='word_1_10' title='bbox 1271 1160 1274 1166; x_wconf 93' lang='lat'>·</span> 
     </span>
     <span class='ocr_line' id='line_1_4' title="bbox 546 1235 1134 1315; baseline -0.002 -16"><span class='ocrx_word' id='word_1_11' title='bbox 546 1235 649 1300; x_wconf 80' lang='lat' dir='ltr'><strong>Idaeis</strong></span> <span class='ocrx_word' id='word_1_12' title='bbox 662 1235 801 1300; x_wconf 85' lang='lat' dir='ltr'><strong>Helenen</strong></span> <span class='ocrx_word' id='word_1_13' title='bbox 817 1238 953 1314; x_wconf 89' lang='lat' dir='ltr'><strong>pertldus</strong></span> <span class='ocrx_word' id='word_1_14' title='bbox 968 1237 1134 1315; x_wconf 87' lang='lat' dir='ltr'><strong>hospitam,</strong></span> 
     </span>
    </p>
   </div>
   <div class='ocr_carea' id='block_1_4' title="bbox 312 1406 1467 1613">
    <p class='ocr_par' dir='ltr' id='par_1_4' title="bbox 312 1406 1467 1613">
     <span class='ocr_line' id='line_1_5' title="bbox 406 1406 1467 1476; baseline 0.003 -17"><span class='ocrx_word' id='word_1_15' title='bbox 406 1410 443 1459; x_wconf 91' lang='lat' dir='ltr'><strong>Ad</strong></span> <span class='ocrx_word' id='word_1_16' title='bbox 456 1408 633 1459; x_wconf 76' lang='lat' dir='ltr'><strong>Alexandrum</strong></span> <span class='ocrx_word' id='word_1_17' title='bbox 646 1408 774 1460; x_wconf 84' lang='lat' dir='ltr'><strong>Paridem.</strong></span> <span class='ocrx_word' id='word_1_18' title='bbox 800 1406 909 1458; x_wconf 75' lang='lat' dir='ltr'><strong>Metram</strong></span> <span class='ocrx_word' id='word_1_19' title='bbox 922 1406 1006 1458; x_wconf 86' lang='lat' dir='ltr'><strong>trihus</strong></span> <span class='ocrx_word' id='word_1_20' title='bbox 1019 1409 1137 1458; x_wconf 82' lang='lat' dir='ltr'><strong>uersibus</strong></span> <span class='ocrx_word' id='word_1_21' title='bbox 1150 1410 1341 1476; x_wconf 75' lang='lat' dir='ltr'><strong>asclipiademn,</strong></span> <span class='ocrx_word' id='word_1_22' title='bbox 1360 1420 1467 1476; x_wconf 88' lang='lat' dir='ltr'><strong>quartus</strong></span> 
     </span>
     <span class='ocr_line' id='line_1_6' title="bbox 336 1477 1467 1546; baseline 0.004 -20"><span class='ocrx_word' id='word_1_23' title='bbox 336 1479 470 1546; x_wconf 75' lang='lat' dir='ltr'><strong>glyconius</strong></span> <span class='ocrx_word' id='word_1_24' title='bbox 487 1479 523 1528; x_wconf 85' lang='lat' dir='ltr'><strong>A.</strong></span> <span class='ocrx_word' id='word_1_25' title='bbox 627 1477 760 1544; x_wconf 77' lang='lat' dir='ltr'><strong>Ypotetice</strong></span> <span class='ocrx_word' id='word_1_26' title='bbox 780 1477 918 1527; x_wconf 72' lang='lat' dir='ltr'><strong>tetracolon</strong></span> <span class='ocrx_word' id='word_1_27' title='bbox 937 1477 1072 1526; x_wconf 73' lang='lat' dir='ltr'><strong>alexandri</strong></span> <span class='ocrx_word' id='word_1_28' title='bbox 1091 1477 1124 1528; x_wconf 86' lang='lat' dir='ltr'><strong>B.</strong></span> <span class='ocrx_word' id='word_1_29' title='bbox 1230 1479 1367 1544; x_wconf 86' lang='lat' dir='ltr'><strong>lpolhetice</strong></span> <span class='ocrx_word' id='word_1_30' title='bbox 1386 1488 1467 1531; x_wconf 85' lang='lat' dir='ltr'><strong>tetra-</strong></span> 
     </span>
     <span class='ocr_line' id='line_1_7' title="bbox 312 1545 1130 1613; baseline 0 -17"><span class='ocrx_word' id='word_1_31' title='bbox 312 1563 317 1572; x_wconf 93' lang='lat'><em>·</em></span> <span class='ocrx_word' id='word_1_32' title='bbox 337 1549 417 1597; x_wconf 88' lang='lat' dir='ltr'><strong>colos.</strong></span> <span class='ocrx_word' id='word_1_33' title='bbox 443 1546 495 1596; x_wconf 86' lang='lat' dir='ltr'><strong>Sub</strong></span> <span class='ocrx_word' id='word_1_34' title='bbox 508 1561 616 1611; x_wconf 87' lang='lat' dir='ltr'><strong>persona</strong></span> <span class='ocrx_word' id='word_1_35' title='bbox 629 1545 729 1597; x_wconf 80' lang='lat' dir='ltr'><strong>Paridis</strong></span> <span class='ocrx_word' id='word_1_36' title='bbox 741 1546 845 1613; x_wconf 88' lang='lat' dir='ltr'><strong>exponit</strong></span> <span class='ocrx_word' id='word_1_37' title='bbox 858 1545 1014 1595; x_wconf 80' lang='lat' dir='ltr'><strong>imminentia</strong></span> <span class='ocrx_word' id='word_1_38' title='bbox 1027 1545 1084 1596; x_wconf 91' lang='lat' dir='ltr'><strong>lllio</strong></span> <span class='ocrx_word' id='word_1_39' title='bbox 1098 1547 1130 1596; x_wconf 87' lang='grc' dir='ltr'><strong>Η.</strong></span> 
     </span>
    </p>
   </div>
   <div class='ocr_carea' id='block_1_5' title="bbox 337 1611 1467 1735">
    <p class='ocr_par' dir='ltr' id='par_1_5' title="bbox 337 1611 1467 1735">
     <span class='ocr_line' id='line_1_8' title="bbox 408 1611 1467 1678; baseline 0.002 -13"><span class='ocrx_word' id='word_1_40' title='bbox 408 1616 432 1665; x_wconf 90' lang='lat' dir='ltr'><strong>l.</strong></span> <span class='ocrx_word' id='word_1_41' title='bbox 453 1615 665 1666; x_wconf 76' lang='lat' dir='ltr'><strong>Diomedeal.e.</strong></span> <span class='ocrx_word' id='word_1_42' title='bbox 767 1615 793 1665; x_wconf 78' lang='grc'><strong>2.</strong></span> <span class='ocrx_word' id='word_1_43' title='bbox 812 1611 879 1664; x_wconf 85' lang='lat' dir='ltr'><strong>ideis</strong></span> <span class='ocrx_word' id='word_1_44' title='bbox 891 1613 972 1664; x_wconf 75' lang='lat' dir='ltr'><strong>nott.</strong></span> <span class='ocrx_word' id='word_1_45' title='bbox 1043 1613 1151 1665; x_wconf 89' lang='lat' dir='ltr'><strong>helenen</strong></span> <span class='ocrx_word' id='word_1_46' title='bbox 1164 1613 1276 1665; x_wconf 68' lang='lat' dir='ltr'><strong>Aneros</strong></span> <span class='ocrx_word' id='word_1_47' title='bbox 1296 1615 1412 1667; x_wconf 86' lang='lat' dir='ltr'><strong>helenam</strong></span> <span class='ocrx_word' id='word_1_48' title='bbox 1424 1618 1467 1678; x_wconf 87' lang='grc' dir='ltr'><strong>Ης</strong></span> 
     </span>
     <span class='ocr_line' id='line_1_9' title="bbox 337 1684 550 1735; baseline -0.009 -1"><span class='ocrx_word' id='word_1_49' title='bbox 337 1701 364 1735; x_wconf 82' lang='lat' dir='ltr'><strong>u.</strong></span> <span class='ocrx_word' id='word_1_50' title='bbox 377 1684 550 1734; x_wconf 79' lang='lat' dir='ltr'><strong>Blande‘na&#39;us.</strong></span> 
     </span>
    </p>
   </div>
   <div class='ocr_carea' id='block_1_6' title="bbox 335 1851 1467 2011">
    <p class='ocr_par' dir='ltr' id='par_1_6' title="bbox 335 1851 1467 2011">
     <span class='ocr_line' id='line_1_10' title="bbox 389 1851 1467 1920; baseline 0.001 -16"><span class='ocrx_word' id='word_1_51' title='bbox 389 1853 476 1904; x_wconf 86' lang='lat' dir='ltr'><strong>Carm.</strong></span> <span class='ocrx_word' id='word_1_52' title='bbox 488 1851 545 1904; x_wconf 84' lang='lat' dir='ltr'><strong>XV.</strong></span> <span class='ocrx_word' id='word_1_53' title='bbox 564 1853 734 1904; x_wconf 79' lang='lat' dir='ltr'><strong>Prooemium.</strong></span> <span class='ocrx_word' id='word_1_54' title='bbox 755 1854 821 1905; x_wconf 80' lang='lat' dir='ltr'><strong>Cum</strong></span> <span class='ocrx_word' id='word_1_55' title='bbox 831 1853 882 1906; x_wconf 77' lang='lat' dir='ltr'><strong>Pa·</strong></span> <span class='ocrx_word' id='word_1_56' title='bbox 925 1867 953 1902; x_wconf 92' lang='lat' dir='ltr'><strong>se</strong></span> <span class='ocrx_word' id='word_1_57' title='bbox 966 1853 1062 1920; x_wconf 85' lang='lat' dir='ltr'><strong>recepit</strong></span> <span class='ocrx_word' id='word_1_58' title='bbox 1075 1851 1216 1916; x_wconf 79' lang='lat' dir='ltr'><strong>(Plutarch.</strong></span> <span class='ocrx_word' id='word_1_59' title='bbox 1228 1853 1320 1904; x_wconf 87' lang='lat' dir='ltr'><strong>Aulon.</strong></span> <span class='ocrx_word' id='word_1_60' title='bbox 1335 1869 1358 1904; x_wconf 79' lang='lat' dir='ltr'><strong>a.</strong></span> <span class='ocrx_word' id='word_1_61' title='bbox 1368 1854 1425 1918; x_wconf 81' lang='lat' dir='ltr'><strong>ot),</strong></span> <span class='ocrx_word' id='word_1_62' title='bbox 1440 1861 1467 1905; x_wconf 90' lang='lat' dir='ltr'><strong>ut</strong></span> 
     </span>
     <span class='ocr_line' id='line_1_11' title="bbox 335 1920 1467 2011; baseline 0.004 -41"><span class='ocrx_word' id='word_1_63' title='bbox 335 1947 375 1993; x_wconf 61' lang='lat' dir='ltr'><em>m</em></span> <span class='ocrx_word' id='word_1_64' title='bbox 387 1944 515 1993; x_wconf 58' lang='lat' dir='ltr'><em>Helenam</em></span> <span class='ocrx_word' id='word_1_65' title='bbox 539 1959 557 1993; x_wconf 64' lang='lat' dir='ltr'><strong><em>a</em></strong></span> <span class='ocrx_word' id='word_1_66' title='bbox 580 1960 610 1992; x_wconf 57' lang='grc' dir='ltr'><strong>,θ</strong></span> <span class='ocrx_word' id='word_1_67' title='bbox 630 1949 742 2011; x_wconf 54' lang='lat' dir='ltr'><strong>,aptum</strong></span> <span class='ocrx_word' id='word_1_68' title='bbox 765 1945 882 1994; x_wconf 58' lang='lat' dir='ltr'><strong>mim</strong></span> <span class='ocrx_word' id='word_1_69' title='bbox 923 1920 1120 1972; x_wconf 80' lang='lat' dir='ltr'><strong>Parishleuelai</strong></span> <span class='ocrx_word' id='word_1_70' title='bbox 1139 1923 1191 1974; x_wconf 92' lang='lat' dir='ltr'><strong>uim</strong></span> <span class='ocrx_word' id='word_1_71' title='bbox 1210 1922 1296 1972; x_wconf 84' lang='lat' dir='ltr'><strong>citans</strong></span> <span class='ocrx_word' id='word_1_72' title='bbox 1315 1923 1340 1972; x_wconf 94' lang='lat' dir='ltr'><strong>in</strong></span> <span class='ocrx_word' id='word_1_73' title='bbox 1355 1923 1467 1974; x_wconf 83' lang='lat' dir='ltr'><strong>Helenae</strong></span> 
     </span>
    </p>
   </div>
   <div class='ocr_carea' id='block_1_7' title="bbox 337 1990 1467 2124">
    <p class='ocr_par' dir='ltr' id='par_1_7' title="bbox 337 1990 1467 2124">
     <span class='ocr_line' id='line_1_12' title="bbox 337 1990 1467 2099; baseline -0.037 -26"><span class='ocrx_word' id='word_1_74' title='bbox 337 2033 446 2084; x_wconf 64' lang='lat' dir='ltr'><strong>domum</strong></span> <span class='ocrx_word' id='word_1_75' title='bbox 472 2037 604 2099; x_wconf 64' lang='lat' dir='ltr'><strong>Pomm</strong></span> <span class='ocrx_word' id='word_1_76' title='bbox 658 2031 763 2084; x_wconf 46' lang='lat' dir='ltr'><strong>Nem,</strong></span> <span class='ocrx_word' id='word_1_77' title='bbox 792 2036 881 2084; x_wconf 51' lang='lat' dir='ltr'><strong>mm</strong></span> <span class='ocrx_word' id='word_1_78' title='bbox 924 1991 1063 2074; x_wconf 61' lang='lat' dir='ltr'><strong>thalamum</strong></span> <span class='ocrx_word' id='word_1_79' title='bbox 1075 1990 1210 2041; x_wconf 76' lang='lat' dir='ltr'><strong>destinauit</strong></span> <span class='ocrx_word' id='word_1_80' title='bbox 1220 1990 1467 2072; x_wconf 45' lang='lat' dir='ltr'><strong>(u.·lti);Antontus</strong></span> 
     </span>
     <span class='ocr_line' id='line_1_13' title="bbox 610 2060 1467 2124; baseline -0.029 0"><span class='ocrx_word' id='word_1_81' title='bbox 610 2069 619 2096; x_wconf 87' lang='lat'>&#39;</span> <span class='ocrx_word' id='word_1_82' title='bbox 924 2066 951 2109; x_wconf 92' lang='lat' dir='ltr'><strong>et</strong></span> <span class='ocrx_word' id='word_1_83' title='bbox 962 2060 1101 2124; x_wconf 70' lang='lat' dir='ltr'><strong>hleopatra</strong></span> <span class='ocrx_word' id='word_1_84' title='bbox 1119 2067 1171 2109; x_wconf 90' lang='lat' dir='ltr'><strong>tum</strong></span> <span class='ocrx_word' id='word_1_85' title='bbox 1184 2060 1265 2110; x_wconf 82' lang='lat' dir='ltr'><strong>uelem</strong></span> <span class='ocrx_word' id='word_1_86' title='bbox 1286 2060 1344 2124; x_wconf 69' lang='lat' dir='ltr'><strong>tuga</strong></span> <span class='ocrx_word' id='word_1_87' title='bbox 1356 2061 1467 2111; x_wconf 89' lang='lat' dir='ltr'><strong>Alexan.</strong></span> 
     </span>
    </p>
   </div>
   <div class='ocr_carea' id='block_1_8' title="bbox 337 2122 1467 2278">
    <p class='ocr_par' dir='ltr' id='par_1_8' title="bbox 337 2122 1467 2278">
     <span class='ocr_line' id='line_1_14' title="bbox 337 2122 1467 2193; baseline 0.006 -20"><span class='ocrx_word' id='word_1_88' title='bbox 337 2127 423 2173; x_wconf 80' lang='lat' dir='ltr'><strong>ettam</strong></span> <span class='ocrx_word' id='word_1_89' title='bbox 441 2122 546 2172; x_wconf 67' lang='lat' dir='ltr'><strong>indam</strong></span> <span class='ocrx_word' id='word_1_90' title='bbox 561 2127 589 2172; x_wconf 89' lang='lat' dir='ltr'><strong>et</strong></span> <span class='ocrx_word' id='word_1_91' title='bbox 608 2122 732 2174; x_wconf 82' lang='lat' dir='ltr'><strong>adultero</strong></span> <span class='ocrx_word' id='word_1_92' title='bbox 744 2122 819 2172; x_wconf 77' lang='lat' dir='ltr'><strong>mala</strong></span> <span class='ocrx_word' id='word_1_93' title='bbox 829 2123 882 2188; x_wconf 72' lang='lat' dir='ltr'><strong>fie-</strong></span> <span class='ocrx_word' id='word_1_94' title='bbox 924 2128 1005 2177; x_wconf 89' lang='lat' dir='ltr'><strong>driam</strong></span> <span class='ocrx_word' id='word_1_95' title='bbox 1026 2128 1161 2193; x_wconf 88' lang='lat' dir='ltr'><strong>petebant,</strong></span> <span class='ocrx_word' id='word_1_96' title='bbox 1186 2135 1214 2178; x_wconf 89' lang='lat' dir='ltr'><strong>ut</strong></span> <span class='ocrx_word' id='word_1_97' title='bbox 1231 2127 1304 2178; x_wconf 87' lang='lat' dir='ltr'><strong>Paris</strong></span> <span class='ocrx_word' id='word_1_98' title='bbox 1326 2136 1352 2179; x_wconf 91' lang='lat' dir='ltr'><strong>et</strong></span> <span class='ocrx_word' id='word_1_99' title='bbox 1371 2129 1467 2180; x_wconf 87' lang='lat' dir='ltr'><strong>Heleon</strong></span> 
     </span>
     <span class='ocr_line' id='line_1_15' title="bbox 337 2193 1465 2278; baseline 0.006 -37"><span class='ocrx_word' id='word_1_100' title='bbox 337 2214 604 2276; x_wconf 54' lang='lat' dir='ltr'><strong>pum„„·„,·,„„.„·,</strong></span> <span class='ocrx_word' id='word_1_101' title='bbox 614 2212 879 2278; x_wconf 55' lang='lat' dir='ltr'><strong>Wmmffium,</strong></span> <span class='ocrx_word' id='word_1_102' title='bbox 923 2193 1027 2256; x_wconf 83' lang='lat' dir='ltr'><strong>Troiam</strong></span> <span class='ocrx_word' id='word_1_103' title='bbox 1045 2196 1236 2248; x_wconf 81' lang='lat' dir='ltr'><strong>Lacedaemone</strong></span> <span class='ocrx_word' id='word_1_104' title='bbox 1260 2197 1368 2262; x_wconf 81' lang='lat' dir='ltr'><strong>proiecti</strong></span> <span class='ocrx_word' id='word_1_105' title='bbox 1390 2205 1465 2262; x_wconf 84' lang='lat' dir='ltr'><strong>suot;</strong></span> 
     </span>
    </p>
   </div>
   <div class='ocr_carea' id='block_1_9' title="bbox 336 2263 1468 2399">
    <p class='ocr_par' dir='ltr' id='par_1_9' title="bbox 336 2263 1468 2399">
     <span class='ocr_line' id='line_1_16' title="bbox 336 2263 1468 2368; baseline -0.001 -50"><span class='ocrx_word' id='word_1_106' title='bbox 336 2302 442 2352; x_wconf 61' lang='lat' dir='ltr'><strong>mm</strong></span> <span class='ocrx_word' id='word_1_107' title='bbox 465 2305 554 2367; x_wconf 49' lang='lat' dir='ltr'><strong>imm</strong></span> <span class='ocrx_word' id='word_1_108' title='bbox 571 2307 601 2352; x_wconf 54' lang='lat' dir='ltr'><em>n</em></span> <span class='ocrx_word' id='word_1_109' title='bbox 619 2301 798 2352; x_wconf 56' lang='lat' dir='ltr'><strong><em>mmmmm</em></strong></span> <span class='ocrx_word' id='word_1_110' title='bbox 813 2307 882 2368; x_wconf 64' lang='lat' dir='ltr'><strong>pm</strong></span> <span class='ocrx_word' id='word_1_111' title='bbox 922 2263 1104 2344; x_wconf 77' lang='lat' dir='ltr'><strong>Alexandriam</strong></span> <span class='ocrx_word' id='word_1_112' title='bbox 1126 2265 1213 2316; x_wconf 85' lang='lat' dir='ltr'><strong>hostili</strong></span> <span class='ocrx_word' id='word_1_113' title='bbox 1235 2266 1350 2316; x_wconf 89' lang='lat' dir='ltr'><strong>exercitu</strong></span> <span class='ocrx_word' id='word_1_114' title='bbox 1370 2266 1468 2346; x_wconf 55' lang='lat' dir='ltr'><strong>Quesal·</strong></span> 
     </span>
     <span class='ocr_line' id='line_1_17' title="bbox 923 2332 1467 2399; baseline 0.004 -17"><span class='ocrx_word' id='word_1_115' title='bbox 923 2332 1080 2383; x_wconf 80' lang='lat' dir='ltr'><strong>Octauianus</strong></span> <span class='ocrx_word' id='word_1_116' title='bbox 1088 2341 1275 2398; x_wconf 70' lang='lat' dir='ltr'><strong>oppugnaturus</strong></span> <span class='ocrx_word' id='word_1_117' title='bbox 1283 2349 1467 2399; x_wconf 83' lang='lat' dir='ltr'><strong>appropinqua-</strong></span> 
     </span>
    </p>
   </div>
   <div class='ocr_carea' id='block_1_10' title="bbox 334 2389 1469 3907">
    <p class='ocr_par' dir='ltr' id='par_1_10' title="bbox 334 2389 1469 3907">
     <span class='ocr_line' id='line_1_18' title="bbox 336 2389 1465 2463; baseline 0.012 -24"><span class='ocrx_word' id='word_1_118' title='bbox 336 2389 791 2456; x_wconf 78' lang='lat' dir='ltr'><strong>mortemserendar.(hietrum18)</strong></span> <span class='ocrx_word' id='word_1_119' title='bbox 923 2401 983 2463; x_wconf 89' lang='lat' dir='ltr'><strong>hat,</strong></span> <span class='ocrx_word' id='word_1_120' title='bbox 1005 2408 1033 2450; x_wconf 89' lang='grc' dir='ltr'><strong>ιιι</strong></span> <span class='ocrx_word' id='word_1_121' title='bbox 1049 2399 1152 2450; x_wconf 88' lang='lat' dir='ltr'><strong>Troiam</strong></span> <span class='ocrx_word' id='word_1_122' title='bbox 1171 2403 1300 2452; x_wconf 87' lang='lat' dir='ltr'><strong>exercitus</strong></span> <span class='ocrx_word' id='word_1_123' title='bbox 1314 2403 1465 2452; x_wconf 89' lang='lat' dir='ltr'><strong>Achiuorum</strong></span> 
     </span>
     <span class='ocr_line' id='line_1_19' title="bbox 467 2467 1465 2534; baseline 0.001 -16"><span class='ocrx_word' id='word_1_124' title='bbox 467 2493 484 2526; x_wconf 67' lang='grc'><strong>,·</strong></span> <span class='ocrx_word' id='word_1_125' title='bbox 923 2469 1032 2518; x_wconf 89' lang='lat' dir='ltr'><strong>ohsedit.</strong></span> <span class='ocrx_word' id='word_1_126' title='bbox 1052 2467 1146 2518; x_wconf 88' lang='lat' dir='ltr'><strong>Troiae</strong></span> <span class='ocrx_word' id='word_1_127' title='bbox 1159 2470 1371 2534; x_wconf 73' lang='lat' dir='ltr'><strong>expuguationem</strong></span> <span class='ocrx_word' id='word_1_128' title='bbox 1384 2485 1465 2519; x_wconf 72' lang='lat' dir='ltr'><strong>mano-</strong></span> 
     </span>
     <span class='ocr_line' id='line_1_20' title="bbox 387 2533 1467 2604; baseline 0.005 -21"><span class='ocrx_word' id='word_1_129' title='bbox 387 2533 544 2600; x_wconf 72' lang='lat' dir='ltr'><strong>Allegoriam</strong></span> <span class='ocrx_word' id='word_1_130' title='bbox 566 2551 624 2586; x_wconf 87' lang='lat' dir='ltr'><strong>esse</strong></span> <span class='ocrx_word' id='word_1_131' title='bbox 646 2537 718 2601; x_wconf 88' lang='lat' dir='ltr'><strong>plura</strong></span> <span class='ocrx_word' id='word_1_132' title='bbox 738 2541 798 2585; x_wconf 87' lang='lat' dir='ltr'><strong>sunt</strong></span> <span class='ocrx_word' id='word_1_133' title='bbox 815 2548 880 2599; x_wconf 89' lang='lat' dir='ltr'><strong>quae</strong></span> <span class='ocrx_word' id='word_1_134' title='bbox 924 2545 983 2588; x_wconf 86' lang='lat' dir='ltr'><strong>rata</strong></span> <span class='ocrx_word' id='word_1_135' title='bbox 1000 2543 1039 2587; x_wconf 87' lang='lat' dir='ltr'><strong>est</strong></span> <span class='ocrx_word' id='word_1_136' title='bbox 1052 2537 1161 2588; x_wconf 85' lang='lat' dir='ltr'><strong>Achillia</strong></span> <span class='ocrx_word' id='word_1_137' title='bbox 1182 2543 1207 2587; x_wconf 92' lang='lat' dir='ltr'><strong>et</strong></span> <span class='ocrx_word' id='word_1_138' title='bbox 1225 2535 1409 2604; x_wconf 82' lang='lat' dir='ltr'><strong>Myrmidonum</strong></span> <span class='ocrx_word' id='word_1_139' title='bbox 1427 2539 1467 2588; x_wconf 91' lang='lat' dir='ltr'><strong>ira</strong></span> 
     </span>
     <span class='ocr_line' id='line_1_21' title="bbox 336 2603 1467 2671; baseline 0.004 -19"><span class='ocrx_word' id='word_1_140' title='bbox 336 2610 547 2668; x_wconf 84' lang='lat' dir='ltr'><strong>commonstrent,</strong></span> <span class='ocrx_word' id='word_1_141' title='bbox 574 2606 707 2670; x_wconf 87' lang='lat' dir='ltr'><strong>praecipue</strong></span> <span class='ocrx_word' id='word_1_142' title='bbox 731 2603 833 2654; x_wconf 83' lang='lat' dir='ltr'><strong>insolita</strong></span> <span class='ocrx_word' id='word_1_143' title='bbox 853 2608 881 2652; x_wconf 90' lang='lat' dir='ltr'><strong>et</strong></span> <span class='ocrx_word' id='word_1_144' title='bbox 923 2605 961 2671; x_wconf 91' lang='lat' dir='ltr'><strong>(a.</strong></span> <span class='ocrx_word' id='word_1_145' title='bbox 977 2605 1119 2664; x_wconf 68' lang='lat' dir='ltr'><strong>stt-sot:</strong></span> <span class='ocrx_word' id='word_1_146' title='bbox 1147 2605 1335 2671; x_wconf 83' lang='lat' dir='ltr'><strong>expeditionem</strong></span> <span class='ocrx_word' id='word_1_147' title='bbox 1354 2607 1467 2656; x_wconf 88' lang='lat' dir='ltr'><strong>Alexan·</strong></span> 
     </span>
     <span class='ocr_line' id='line_1_22' title="bbox 336 2671 1466 2736; baseline 0.004 -16"><span class='ocrx_word' id='word_1_148' title='bbox 336 2672 410 2736; x_wconf 80' lang='lat' dir='ltr'><strong>quasi</strong></span> <span class='ocrx_word' id='word_1_149' title='bbox 436 2687 530 2722; x_wconf 87' lang='lat' dir='ltr'><strong>arcana</strong></span> <span class='ocrx_word' id='word_1_150' title='bbox 555 2674 678 2724; x_wconf 84' lang='lat' dir='ltr'><strong>carminis</strong></span> <span class='ocrx_word' id='word_1_151' title='bbox 702 2673 798 2735; x_wconf 79' lang='lat' dir='ltr'><strong>forme,</strong></span> <span class='ocrx_word' id='word_1_152' title='bbox 823 2671 879 2720; x_wconf 92' lang='lat' dir='ltr'><strong>dico</strong></span> <span class='ocrx_word' id='word_1_153' title='bbox 924 2675 1023 2724; x_wconf 81' lang='lat' dir='ltr'><strong>deinum</strong></span> <span class='ocrx_word' id='word_1_154' title='bbox 1050 2674 1170 2725; x_wconf 79' lang='lat' dir='ltr'><strong>Caesaris</strong></span> <span class='ocrx_word' id='word_1_155' title='bbox 1200 2673 1344 2724; x_wconf 88' lang='lat' dir='ltr'><strong>retardauit</strong></span> <span class='ocrx_word' id='word_1_156' title='bbox 1373 2675 1466 2724; x_wconf 86' lang='lat' dir='ltr'><strong>seditio</strong></span> 
     </span>
     <span class='ocr_line' id='line_1_23' title="bbox 335 2739 1467 2809; baseline 0.002 -18"><span class='ocrx_word' id='word_1_157' title='bbox 335 2739 414 2791; x_wconf 86' lang='lat' dir='ltr'><strong>Nerei</strong></span> <span class='ocrx_word' id='word_1_158' title='bbox 433 2742 608 2793; x_wconf 88' lang='lat' dir='ltr'><strong>senismarioi</strong></span> <span class='ocrx_word' id='word_1_159' title='bbox 627 2740 880 2806; x_wconf 87' lang='lat' dir='ltr'><strong>uaticiaiumpaucia</strong></span> <span class='ocrx_word' id='word_1_160' title='bbox 923 2743 1034 2795; x_wconf 88' lang='lat' dir='ltr'><strong>militum</strong></span> <span class='ocrx_word' id='word_1_161' title='bbox 1059 2743 1169 2794; x_wconf 80' lang='lat' dir='ltr'><strong>dihorno</strong></span> <span class='ocrx_word' id='word_1_162' title='bbox 1200 2750 1311 2809; x_wconf 88' lang='lat' dir='ltr'><strong>tempore</strong></span> <span class='ocrx_word' id='word_1_163' title='bbox 1342 2742 1366 2791; x_wconf 89' lang='lat' dir='ltr'><strong>iu</strong></span> <span class='ocrx_word' id='word_1_164' title='bbox 1391 2741 1467 2794; x_wconf 86' lang='lat' dir='ltr'><strong>ltalia</strong></span> 
     </span>
     <span class='ocr_line' id='line_1_24' title="bbox 336 2810 1467 2877; baseline 0.002 -18"><span class='ocrx_word' id='word_1_165' title='bbox 336 2810 426 2861; x_wconf 86' lang='lat' dir='ltr'><strong>aerhis</strong></span> <span class='ocrx_word' id='word_1_166' title='bbox 448 2812 617 2861; x_wconf 88' lang='lat' dir='ltr'><strong>introductum</strong></span> <span class='ocrx_word' id='word_1_167' title='bbox 638 2827 668 2863; x_wconf 85' lang='lat' dir='ltr'><strong>ae</strong></span> <span class='ocrx_word' id='word_1_168' title='bbox 686 2812 762 2875; x_wconf 66' lang='lat' dir='ltr'><strong>longe</strong></span> <span class='ocrx_word' id='word_1_169' title='bbox 779 2817 880 2875; x_wconf 85' lang='lat' dir='ltr'><strong>protra-</strong></span> <span class='ocrx_word' id='word_1_170' title='bbox 923 2820 1030 2875; x_wconf 90' lang='lat' dir='ltr'><strong>exorta,</strong></span> <span class='ocrx_word' id='word_1_171' title='bbox 1050 2828 1114 2877; x_wconf 87' lang='lat' dir='ltr'><strong>quae</strong></span> <span class='ocrx_word' id='word_1_172' title='bbox 1127 2827 1206 2862; x_wconf 85' lang='lat' dir='ltr'><strong>causa</strong></span> <span class='ocrx_word' id='word_1_173' title='bbox 1226 2812 1275 2861; x_wconf 84' lang='lat' dir='ltr'><strong>luit</strong></span> <span class='ocrx_word' id='word_1_174' title='bbox 1287 2827 1334 2861; x_wconf 87' lang='lat' dir='ltr'><strong>cur</strong></span> <span class='ocrx_word' id='word_1_175' title='bbox 1346 2810 1467 2862; x_wconf 81' lang='lat' dir='ltr'><strong>Octauia-</strong></span> 
     </span>
     <span class='ocr_line' id='line_1_25' title="bbox 336 2880 1466 2946; baseline 0.002 -19"><span class='ocrx_word' id='word_1_176' title='bbox 336 2888 421 2941; x_wconf 88' lang='lat' dir='ltr'><strong>ctum,</strong></span> <span class='ocrx_word' id='word_1_177' title='bbox 441 2895 523 2929; x_wconf 86' lang='lat' dir='ltr'><strong>rerum</strong></span> <span class='ocrx_word' id='word_1_178' title='bbox 544 2881 655 2930; x_wconf 87' lang='lat' dir='ltr'><strong>tristium</strong></span> <span class='ocrx_word' id='word_1_179' title='bbox 673 2880 771 2945; x_wconf 80' lang='lat' dir='ltr'><strong>copiam</strong></span> <span class='ocrx_word' id='word_1_180' title='bbox 789 2893 880 2928; x_wconf 78' lang='lat' dir='ltr'><strong>seuere</strong></span> <span class='ocrx_word' id='word_1_181' title='bbox 924 2896 972 2931; x_wconf 93' lang='lat' dir='ltr'><strong>nus</strong></span> <span class='ocrx_word' id='word_1_182' title='bbox 997 2897 1012 2931; x_wconf 92' lang='lat' dir='ltr'><strong>a</strong></span> <span class='ocrx_word' id='word_1_183' title='bbox 1035 2882 1210 2946; x_wconf 89' lang='lat' dir='ltr'><strong>persequendo</strong></span> <span class='ocrx_word' id='word_1_184' title='bbox 1230 2881 1343 2930; x_wconf 91' lang='lat' dir='ltr'><strong>Antonio</strong></span> <span class='ocrx_word' id='word_1_185' title='bbox 1365 2880 1466 2945; x_wconf 85' lang='lat' dir='ltr'><strong>paulum</strong></span> 
     </span>
     <span class='ocr_line' id='line_1_26' title="bbox 336 2946 1467 3014; baseline 0.001 -17"><span class='ocrx_word' id='word_1_186' title='bbox 336 2948 520 2999; x_wconf 85' lang='lat' dir='ltr'><strong>denuntiatam.</strong></span> <span class='ocrx_word' id='word_1_187' title='bbox 545 2947 633 3014; x_wconf 86' lang='lat' dir='ltr'><strong>Neque</strong></span> <span class='ocrx_word' id='word_1_188' title='bbox 647 2949 767 2999; x_wconf 83' lang='lat' dir='ltr'><strong>Horatius</strong></span> <span class='ocrx_word' id='word_1_189' title='bbox 788 2948 819 2995; x_wconf 83' lang='lat' dir='ltr'><strong>de</strong></span> <span class='ocrx_word' id='word_1_190' title='bbox 834 2946 881 2996; x_wconf 80' lang='lat' dir='ltr'><strong>l&#39;a·</strong></span> <span class='ocrx_word' id='word_1_191' title='bbox 924 2950 1072 3011; x_wconf 76' lang='lat' dir='ltr'><strong>desisteret,</strong></span> <span class='ocrx_word' id='word_1_192' title='bbox 1087 2949 1247 2999; x_wconf 83' lang='lat' dir='ltr'><strong>Brundisium</strong></span> <span class='ocrx_word' id='word_1_193' title='bbox 1259 2964 1290 2998; x_wconf 91' lang='lat' dir='ltr'><strong>ex</strong></span> <span class='ocrx_word' id='word_1_194' title='bbox 1300 2948 1369 2999; x_wconf 89' lang='lat' dir='ltr'><strong>Sami</strong></span> <span class='ocrx_word' id='word_1_195' title='bbox 1383 2950 1467 2999; x_wconf 78' lang='lat' dir='ltr'><strong>hilter-</strong></span> 
     </span>
     <span class='ocr_line' id='line_1_27' title="bbox 336 3015 1465 3083; baseline 0.002 -18"><span class='ocrx_word' id='word_1_196' title='bbox 336 3018 392 3066; x_wconf 90' lang='lat' dir='ltr'><strong>ride</strong></span> <span class='ocrx_word' id='word_1_197' title='bbox 409 3017 579 3083; x_wconf 82' lang='lat' dir='ltr'><strong>sicamquam</strong></span> <span class='ocrx_word' id='word_1_198' title='bbox 590 3019 742 3080; x_wconf 88' lang='lat' dir='ltr'><strong>cecinisset,</strong></span> <span class='ocrx_word' id='word_1_199' title='bbox 764 3015 813 3066; x_wconf 86' lang='lat' dir='ltr'><strong>nisi</strong></span> <span class='ocrx_word' id='word_1_200' title='bbox 826 3031 880 3065; x_wconf 89' lang='lat' dir='ltr'><strong>cer·</strong></span> <span class='ocrx_word' id='word_1_201' title='bbox 924 3020 964 3068; x_wconf 90' lang='lat' dir='ltr'><strong>nis</strong></span> <span class='ocrx_word' id='word_1_202' title='bbox 984 3025 1102 3068; x_wconf 87' lang='lat' dir='ltr'><strong>reuectus</strong></span> <span class='ocrx_word' id='word_1_203' title='bbox 1122 3018 1272 3069; x_wconf 88' lang='lat' dir='ltr'><strong>seditionem</strong></span> <span class='ocrx_word' id='word_1_204' title='bbox 1285 3025 1465 3083; x_wconf 87' lang='lat' dir='ltr'><strong>compesceret,</strong></span> 
     </span>
     <span class='ocr_line' id='line_1_28' title="bbox 336 3084 1466 3152; baseline 0.002 -18"><span class='ocrx_word' id='word_1_205' title='bbox 336 3093 386 3135; x_wconf 87' lang='lat' dir='ltr'><strong>tam</strong></span> <span class='ocrx_word' id='word_1_206' title='bbox 406 3087 532 3151; x_wconf 76' lang='lat' dir='ltr'><strong>propositi</strong></span> <span class='ocrx_word' id='word_1_207' title='bbox 550 3088 675 3137; x_wconf 82' lang='lat' dir='ltr'><strong>rationem</strong></span> <span class='ocrx_word' id='word_1_208' title='bbox 695 3084 880 3149; x_wconf 86' lang='lat' dir='ltr'><strong>atemporihus</strong></span> <span class='ocrx_word' id='word_1_209' title='bbox 923 3086 1130 3137; x_wconf 80' lang='lat' dir='ltr'><strong>moxAntouium</strong></span> <span class='ocrx_word' id='word_1_210' title='bbox 1149 3095 1178 3151; x_wconf 78' lang='lat' dir='ltr'><strong>et</strong></span> <span class='ocrx_word' id='word_1_211' title='bbox 1188 3086 1349 3152; x_wconf 83' lang='lat' dir='ltr'><strong>Cleopatram</strong></span> <span class='ocrx_word' id='word_1_212' title='bbox 1363 3095 1466 3136; x_wconf 87' lang='lat' dir='ltr'><strong>secutus</strong></span> 
     </span>
     <span class='ocr_line' id='line_1_29' title="bbox 337 3151 1466 3221; baseline 0.002 -18"><span class='ocrx_word' id='word_1_213' title='bbox 337 3155 524 3219; x_wconf 80' lang='lat' dir='ltr'><strong>suppeditatum</strong></span> <span class='ocrx_word' id='word_1_214' title='bbox 534 3163 635 3205; x_wconf 92' lang='lat' dir='ltr'><strong>secutus</strong></span> <span class='ocrx_word' id='word_1_215' title='bbox 645 3162 723 3205; x_wconf 82' lang='lat' dir='ltr'><strong>esset.</strong></span> <span class='ocrx_word' id='word_1_216' title='bbox 739 3151 810 3217; x_wconf 78' lang='lat' dir='ltr'><strong>Quod</strong></span> <span class='ocrx_word' id='word_1_217' title='bbox 820 3152 881 3202; x_wconf 81' lang='lat' dir='ltr'><strong>Por·</strong></span> <span class='ocrx_word' id='word_1_218' title='bbox 907 3156 1109 3206; x_wconf 63' lang='lat' dir='ltr'><strong>Alexandriam</strong></span> <span class='ocrx_word' id='word_1_219' title='bbox 1130 3162 1296 3221; x_wconf 70' lang='lat' dir='ltr'><strong>oppugnaret.</strong></span> <span class='ocrx_word' id='word_1_220' title='bbox 1329 3155 1466 3205; x_wconf 82' lang='lat' dir='ltr'><strong>Suetonius</strong></span> 
     </span>
     <span class='ocr_line' id='line_1_30' title="bbox 335 3218 1468 3290; baseline 0.002 -19"><span class='ocrx_word' id='word_1_221' title='bbox 335 3218 893 3290; x_wconf 76' lang='lat' dir='ltr'><strong>physionnotauit,‘hacodeBaech&#39;ylideru¹</strong></span> <span class='ocrx_word' id='word_1_222' title='bbox 922 3224 989 3289; x_wconf 73' lang='lat' dir='ltr'><strong>Aug.</strong></span> <span class='ocrx_word' id='word_1_223' title='bbox 1006 3225 1046 3273; x_wconf 82' lang='lat' dir='ltr'><strong>tl.</strong></span> <span class='ocrx_word' id='word_1_224' title='bbox 1073 3223 1204 3274; x_wconf 75' lang='lat' dir='ltr'><strong>ltiohtt.</strong></span> <span class='ocrx_word' id='word_1_225' title='bbox 1231 3224 1296 3273; x_wconf 85' lang='lat' dir='ltr'><strong>ilinc</strong></span> <span class='ocrx_word' id='word_1_226' title='bbox 1314 3229 1399 3289; x_wconf 83' lang='lat' dir='ltr'><strong>patet,</strong></span> <span class='ocrx_word' id='word_1_227' title='bbox 1422 3240 1468 3273; x_wconf 90' lang='lat' dir='ltr'><strong>cur</strong></span> 
     </span>
     <span class='ocr_line' id='line_1_31' title="bbox 335 3288 1467 3352; baseline 0.001 -12"><span class='ocrx_word' id='word_1_228' title='bbox 335 3293 466 3352; x_wconf 77' lang='lat' dir='ltr'><strong>imitatur:</strong></span> <span class='ocrx_word' id='word_1_229' title='bbox 487 3307 544 3341; x_wconf 82' lang='lat' dir='ltr'><strong>nam</strong></span> <span class='ocrx_word' id='word_1_230' title='bbox 556 3293 642 3343; x_wconf 86' lang='lat' dir='ltr'><strong>atille</strong></span> <span class='ocrx_word' id='word_1_231' title='bbox 656 3291 826 3342; x_wconf 85' lang='lat' dir='ltr'><strong>Cassandram</strong></span> <span class='ocrx_word' id='word_1_232' title='bbox 841 3288 880 3339; x_wconf 83' lang='lat' dir='ltr'><strong>iu·</strong></span> <span class='ocrx_word' id='word_1_233' title='bbox 922 3292 1071 3343; x_wconf 74' lang='lat' dir='ltr'><strong>iracundae</strong></span> <span class='ocrx_word' id='word_1_234' title='bbox 1094 3294 1185 3343; x_wconf 87' lang='lat' dir='ltr'><strong>classis</strong></span> <span class='ocrx_word' id='word_1_235' title='bbox 1203 3292 1335 3343; x_wconf 77' lang='lat' dir='ltr'><strong>Achilleae</strong></span> <span class='ocrx_word' id='word_1_236' title='bbox 1358 3294 1467 3343; x_wconf 89' lang='lat' dir='ltr'><strong>mentio·</strong></span> 
     </span>
     <span class='ocr_line' id='line_1_32' title="bbox 335 3358 1468 3426; baseline 0.001 -17"><span class='ocrx_word' id='word_1_237' title='bbox 335 3360 371 3409; x_wconf 91' lang='lat' dir='ltr'><strong>cit</strong></span> <span class='ocrx_word' id='word_1_238' title='bbox 382 3361 521 3409; x_wconf 88' lang='lat' dir='ltr'><strong>uaticinari</strong></span> <span class='ocrx_word' id='word_1_239' title='bbox 535 3359 622 3410; x_wconf 79' lang='lat' dir='ltr'><strong>futura</strong></span> <span class='ocrx_word' id='word_1_240' title='bbox 635 3361 698 3410; x_wconf 89' lang='lat' dir='ltr'><strong>helli</strong></span> <span class='ocrx_word' id='word_1_241' title='bbox 711 3359 829 3421; x_wconf 86' lang='lat' dir='ltr'><strong>Troiani,</strong></span> <span class='ocrx_word' id='word_1_242' title='bbox 844 3358 880 3407; x_wconf 85' lang='lat' dir='ltr'><strong>ita</strong></span> <span class='ocrx_word' id='word_1_243' title='bbox 923 3376 980 3411; x_wconf 89' lang='lat' dir='ltr'><strong>nem</strong></span> <span class='ocrx_word' id='word_1_244' title='bbox 994 3360 1085 3411; x_wconf 87' lang='lat' dir='ltr'><strong>iecerit</strong></span> <span class='ocrx_word' id='word_1_245' title='bbox 1098 3361 1219 3411; x_wconf 86' lang='lat' dir='ltr'><strong>Horatius</strong></span> <span class='ocrx_word' id='word_1_246' title='bbox 1233 3362 1401 3426; x_wconf 84' lang='lat' dir='ltr'><strong>(u.33sqq.)‚</strong></span> <span class='ocrx_word' id='word_1_247' title='bbox 1421 3376 1468 3411; x_wconf 87' lang='lat' dir='ltr'><strong>cur</strong></span> 
     </span>
     <span class='ocr_line' id='line_1_33' title="bbox 334 3423 1466 3494; baseline 0.001 -16"><span class='ocrx_word' id='word_1_248' title='bbox 334 3423 524 3492; x_wconf 87' lang='lat' dir='ltr'><strong>hicProteum’,</strong></span> <span class='ocrx_word' id='word_1_249' title='bbox 538 3430 585 3479; x_wconf 93' lang='lat' dir='ltr'><strong>hoc</strong></span> <span class='ocrx_word' id='word_1_250' title='bbox 598 3427 879 3494; x_wconf 86' lang='lat' dir='ltr'><strong>doctiusquamuerius</strong></span> <span class='ocrx_word' id='word_1_251' title='bbox 922 3444 1016 3478; x_wconf 91' lang='lat' dir='ltr'><strong>moram</strong></span> <span class='ocrx_word' id='word_1_252' title='bbox 1041 3429 1102 3478; x_wconf 88' lang='lat' dir='ltr'><strong>helii</strong></span> <span class='ocrx_word' id='word_1_253' title='bbox 1121 3431 1301 3480; x_wconf 88' lang='lat' dir='ltr'><strong>memorauerit</strong></span> <span class='ocrx_word' id='word_1_254' title='bbox 1322 3437 1349 3480; x_wconf 92' lang='lat' dir='ltr'><strong>et</strong></span> <span class='ocrx_word' id='word_1_255' title='bbox 1370 3430 1395 3479; x_wconf 92' lang='lat' dir='ltr'><strong>in</strong></span> <span class='ocrx_word' id='word_1_256' title='bbox 1417 3429 1466 3479; x_wconf 87' lang='lat' dir='ltr'><strong>line</strong></span> 
     </span>
     <span class='ocr_line' id='line_1_34' title="bbox 335 3496 1466 3564; baseline 0 -17"><span class='ocrx_word' id='word_1_257' title='bbox 335 3497 429 3547; x_wconf 89' lang='lat' dir='ltr'><strong>dietum</strong></span> <span class='ocrx_word' id='word_1_258' title='bbox 450 3505 500 3547; x_wconf 89' lang='lat' dir='ltr'><strong>est.</strong></span> <span class='ocrx_word' id='word_1_259' title='bbox 530 3496 593 3548; x_wconf 87' lang='lat' dir='ltr'><strong>Nam</strong></span> <span class='ocrx_word' id='word_1_260' title='bbox 615 3505 751 3563; x_wconf 86' lang='lat' dir='ltr'><strong>supersunt</strong></span> <span class='ocrx_word' id='word_1_261' title='bbox 769 3496 880 3560; x_wconf 87' lang='lat' dir='ltr'><strong>quinque</strong></span> <span class='ocrx_word' id='word_1_262' title='bbox 923 3498 1046 3547; x_wconf 82' lang='lat' dir='ltr'><strong>carminis</strong></span> <span class='ocrx_word' id='word_1_263' title='bbox 1060 3498 1123 3547; x_wconf 89' lang='lat' dir='ltr'><strong>haec</strong></span> <span class='ocrx_word' id='word_1_264' title='bbox 1135 3498 1282 3562; x_wconf 85' lang='lat' dir='ltr'><strong>scripserit:</strong></span> <span class='ocrx_word' id='word_1_265' title='bbox 1299 3504 1366 3564; x_wconf 82' lang='lat' dir='ltr'><strong>poet</strong></span> <span class='ocrx_word' id='word_1_266' title='bbox 1379 3504 1466 3547; x_wconf 78' lang='lat' dir='ltr'><strong>certae</strong></span> 
     </span>
     <span class='ocr_line' id='line_1_35' title="bbox 335 3564 1467 3646; baseline -0.002 -30"><span class='ocrx_word' id='word_1_267' title='bbox 335 3582 426 3616; x_wconf 84' lang='lat' dir='ltr'><strong>uersus</strong></span> <span class='ocrx_word' id='word_1_268' title='bbox 445 3567 567 3616; x_wconf 88' lang='lat' dir='ltr'><strong>carminis</strong></span> <span class='ocrx_word' id='word_1_269' title='bbox 580 3582 596 3616; x_wconf 89' lang='lat' dir='ltr'><strong>a</strong></span> <span class='ocrx_word' id='word_1_270' title='bbox 608 3566 781 3646; x_wconf 64' lang='lat' dir='ltr'><strong>Porphyrione</strong></span> <span class='ocrx_word' id='word_1_271' title='bbox 802 3564 881 3627; x_wconf 76' lang='lat' dir='ltr'><strong>signi·</strong></span> <span class='ocrx_word' id='word_1_272' title='bbox 923 3568 1022 3615; x_wconf 77' lang='lat' dir='ltr'><strong>niemes</strong></span> <span class='ocrx_word' id='word_1_273' title='bbox 1043 3571 1107 3615; x_wconf 83' lang='lat' dir='ltr'><strong>urat</strong></span> <span class='ocrx_word' id='word_1_274' title='bbox 1121 3566 1254 3616; x_wconf 78' lang='lat' dir='ltr'><strong>Achaicus</strong></span> <span class='ocrx_word' id='word_1_275' title='bbox 1274 3570 1348 3630; x_wconf 48' lang='lat' dir='ltr'><strong>&amp;nie</strong></span> <span class='ocrx_word' id='word_1_276' title='bbox 1367 3568 1467 3617; x_wconf 78' lang='lat' dir='ltr'><strong>iliacos</strong></span> 
     </span>
     <span class='ocr_line' id='line_1_36' title="bbox 336 3632 1467 3699; baseline -0.001 -15"><span class='ocrx_word' id='word_1_277' title='bbox 336 3635 415 3696; x_wconf 81' lang='lat' dir='ltr'><strong>dicati,</strong></span> <span class='ocrx_word' id='word_1_278' title='bbox 429 3636 484 3685; x_wconf 87' lang='lat' dir='ltr'><strong>siue</strong></span> <span class='ocrx_word' id='word_1_279' title='bbox 495 3636 594 3685; x_wconf 91' lang='lat' dir='ltr'><strong>nomine</strong></span> <span class='ocrx_word' id='word_1_280' title='bbox 605 3644 718 3685; x_wconf 82' lang='lat' dir='ltr'><strong>auctoris</strong></span> <span class='ocrx_word' id='word_1_281' title='bbox 729 3632 880 3683; x_wconf 89' lang='lat' dir='ltr'><strong>aClemente</strong></span> <span class='ocrx_word' id='word_1_282' title='bbox 924 3635 1026 3684; x_wconf 83' lang='lat' dir='ltr'><strong>domos.</strong></span> <span class='ocrx_word' id='word_1_283' title='bbox 1047 3632 1110 3683; x_wconf 86' lang='lat' dir='ltr'><strong>Nam</strong></span> <span class='ocrx_word' id='word_1_284' title='bbox 1119 3633 1215 3683; x_wconf 85' lang='lat' dir='ltr'><strong>Caesar</strong></span> <span class='ocrx_word' id='word_1_285' title='bbox 1224 3643 1281 3699; x_wconf 88' lang='lat' dir='ltr'><strong>post</strong></span> <span class='ocrx_word' id='word_1_286' title='bbox 1290 3636 1397 3684; x_wconf 86' lang='lat' dir='ltr'><strong>hiemem</strong></span> <span class='ocrx_word' id='word_1_287' title='bbox 1407 3634 1467 3685; x_wconf 88' lang='lat' dir='ltr'><strong>anni</strong></span> 
     </span>
     <span class='ocr_line' id='line_1_37' title="bbox 337 3701 1469 3769; baseline -0.001 -16"><span class='ocrx_word' id='word_1_288' title='bbox 337 3702 457 3753; x_wconf 82' lang='lat' dir='ltr'><strong>Strumv</strong></span> <span class='ocrx_word' id='word_1_289' title='bbox 466 3704 513 3753; x_wconf 78' lang='lat'><strong>731</strong></span> <span class='ocrx_word' id='word_1_290' title='bbox 524 3705 600 3769; x_wconf 84' lang='lat' dir='ltr'><strong>(apud</strong></span> <span class='ocrx_word' id='word_1_291' title='bbox 610 3704 701 3768; x_wconf 78' lang='lat' dir='ltr'><strong>Bergk.</strong></span> <span class='ocrx_word' id='word_1_292' title='bbox 713 3702 781 3753; x_wconf 71' lang='lat' dir='ltr'><strong>toas</strong></span> <span class='ocrx_word' id='word_1_293' title='bbox 789 3701 880 3769; x_wconf 68' lang='lat' dir='ltr'><strong>pant)</strong></span> <span class='ocrx_word' id='word_1_294' title='bbox 924 3703 974 3752; x_wconf 73' lang='lat'><strong>724</strong></span> <span class='ocrx_word' id='word_1_295' title='bbox 988 3702 1171 3751; x_wconf 86' lang='lat' dir='ltr'><strong>Alexandriam</strong></span> <span class='ocrx_word' id='word_1_296' title='bbox 1189 3718 1244 3750; x_wconf 90' lang='lat' dir='ltr'><strong>cum</strong></span> <span class='ocrx_word' id='word_1_297' title='bbox 1257 3703 1341 3752; x_wconf 86' lang='lat' dir='ltr'><strong>classe</strong></span> <span class='ocrx_word' id='word_1_298' title='bbox 1354 3710 1380 3753; x_wconf 88' lang='lat' dir='ltr'><strong>et</strong></span> <span class='ocrx_word' id='word_1_299' title='bbox 1393 3718 1469 3753; x_wconf 61' lang='lat' dir='ltr'><strong>exer*</strong></span> 
     </span>
     <span class='ocr_line' id='line_1_38' title="bbox 335 3767 1465 3837; baseline 0 -16"><span class='ocrx_word' id='word_1_300' title='bbox 335 3773 451 3835; x_wconf 86' lang='lat' dir='ltr'><strong>recitati,</strong></span> <span class='ocrx_word' id='word_1_301' title='bbox 466 3774 509 3837; x_wconf 94' lang='lat' dir='ltr'><strong>qui</strong></span> <span class='ocrx_word' id='word_1_302' title='bbox 524 3773 556 3822; x_wconf 90' lang='lat' dir='ltr'><strong>ab</strong></span> <span class='ocrx_word' id='word_1_303' title='bbox 570 3772 719 3822; x_wconf 86' lang='lat' dir='ltr'><strong>Horatianis</strong></span> <span class='ocrx_word' id='word_1_304' title='bbox 733 3771 796 3821; x_wconf 89' lang='lat' dir='ltr'><strong>adeo</strong></span> <span class='ocrx_word' id='word_1_305' title='bbox 810 3769 882 3819; x_wconf 82' lang='lat' dir='ltr'><strong>‹litte-</strong></span> <span class='ocrx_word' id='word_1_306' title='bbox 923 3772 978 3821; x_wconf 89' lang='lat' dir='ltr'><strong>citu</strong></span> <span class='ocrx_word' id='word_1_307' title='bbox 996 3770 1136 3819; x_wconf 87' lang='lat' dir='ltr'><strong>contendit.</strong></span> <span class='ocrx_word' id='word_1_308' title='bbox 1169 3767 1239 3832; x_wconf 78' lang='lat' dir='ltr'><strong>Quae</strong></span> <span class='ocrx_word' id='word_1_309' title='bbox 1263 3786 1318 3819; x_wconf 87' lang='lat' dir='ltr'><strong>cunt</strong></span> <span class='ocrx_word' id='word_1_310' title='bbox 1344 3771 1380 3820; x_wconf 89' lang='lat' dir='ltr'><strong>ita</strong></span> <span class='ocrx_word' id='word_1_311' title='bbox 1405 3773 1465 3833; x_wconf 88' lang='lat' dir='ltr'><strong>sint,</strong></span> 
     </span>
     <span class='ocr_line' id='line_1_39' title="bbox 335 3836 1466 3907; baseline -0.001 -17"><span class='ocrx_word' id='word_1_312' title='bbox 335 3849 412 3903; x_wconf 90' lang='lat' dir='ltr'><strong>runt,</strong></span> <span class='ocrx_word' id='word_1_313' title='bbox 431 3850 461 3890; x_wconf 94' lang='lat' dir='ltr'><strong>ut</strong></span> <span class='ocrx_word' id='word_1_314' title='bbox 473 3841 606 3891; x_wconf 85' lang='lat' dir='ltr'><strong>Horatium</strong></span> <span class='ocrx_word' id='word_1_315' title='bbox 620 3842 651 3891; x_wconf 88' lang='lat' dir='ltr'><strong>de</strong></span> <span class='ocrx_word' id='word_1_316' title='bbox 665 3840 818 3907; x_wconf 71' lang='lat' dir='ltr'><strong>Bacchylide</strong></span> <span class='ocrx_word' id='word_1_317' title='bbox 832 3854 881 3888; x_wconf 92' lang='lat' dir='ltr'><strong>nou</strong></span> <span class='ocrx_word' id='word_1_318' title='bbox 925 3842 972 3889; x_wconf 89' lang='lat' dir='ltr'><strong>hoc</strong></span> <span class='ocrx_word' id='word_1_319' title='bbox 991 3854 1079 3903; x_wconf 90' lang='lat' dir='ltr'><strong>poema</strong></span> <span class='ocrx_word' id='word_1_320' title='bbox 1099 3837 1145 3887; x_wconf 87' lang='lat' dir='ltr'><strong>snb</strong></span> <span class='ocrx_word' id='word_1_321' title='bbox 1165 3836 1265 3886; x_wconf 88' lang='lat' dir='ltr'><strong>initium</strong></span> <span class='ocrx_word' id='word_1_322' title='bbox 1285 3839 1344 3889; x_wconf 92' lang='lat' dir='ltr'><strong>anni</strong></span> <span class='ocrx_word' id='word_1_323' title='bbox 1359 3839 1407 3888; x_wconf 73' lang='lat'><strong>724</strong></span> <span class='ocrx_word' id='word_1_324' title='bbox 1422 3840 1466 3904; x_wconf 74' lang='lat'><strong>&lt;30</strong></span> 
     </span>
    </p>
   </div>
   <div class='ocr_carea' id='block_1_11' title="bbox 222 3905 1467 3976">
    <p class='ocr_par' dir='ltr' id='par_1_11' title="bbox 222 3905 1467 3976">
     <span class='ocr_line' id='line_1_40' title="bbox 222 3905 1467 3976; baseline -0.002 -17"><span class='ocrx_word' id='word_1_325' title='bbox 222 3959 229 3976; x_wconf 65' lang='grc'>,</span> <span class='ocrx_word' id='word_1_326' title='bbox 335 3910 467 3973; x_wconf 78' lang='lat' dir='ltr'><strong>cogitasse</strong></span> <span class='ocrx_word' id='word_1_327' title='bbox 480 3910 590 3960; x_wconf 81' lang='lat' dir='ltr'><strong>tidenter</strong></span> <span class='ocrx_word' id='word_1_328' title='bbox 601 3910 759 3959; x_wconf 85' lang='lat' dir='ltr'><strong>contendam.</strong></span> <span class='ocrx_word' id='word_1_329' title='bbox 777 3908 882 3970; x_wconf 75' lang='lat' dir='ltr'><strong>Allego-</strong></span> <span class='ocrx_word' id='word_1_330' title='bbox 925 3907 1084 3969; x_wconf 89' lang='lat' dir='ltr'><strong>auteChr.),</strong></span> <span class='ocrx_word' id='word_1_331' title='bbox 1110 3920 1165 3955; x_wconf 89' lang='lat' dir='ltr'><strong>cum</strong></span> <span class='ocrx_word' id='word_1_332' title='bbox 1190 3906 1287 3955; x_wconf 87' lang='lat' dir='ltr'><strong>Caesar</strong></span> <span class='ocrx_word' id='word_1_333' title='bbox 1310 3905 1467 3957; x_wconf 84' lang='lat' dir='ltr'><strong>Octauianus</strong></span> 
     </span>
    </p>
   </div>
   <div class='ocr_carea' id='block_1_12' title="bbox 334 3974 1468 4728">
    <p class='ocr_par' dir='ltr' id='par_1_12' title="bbox 334 3974 1468 4455">
     <span class='ocr_line' id='line_1_41' title="bbox 334 3974 1467 4042; baseline -0.002 -15"><span class='ocrx_word' id='word_1_334' title='bbox 334 3980 401 4027; x_wconf 82' lang='lat' dir='ltr'><strong>riam</strong></span> <span class='ocrx_word' id='word_1_335' title='bbox 422 3994 479 4028; x_wconf 86' lang='lat' dir='ltr'><strong>esse</strong></span> <span class='ocrx_word' id='word_1_336' title='bbox 502 3979 533 4029; x_wconf 86' lang='lat' dir='ltr'><strong>ad</strong></span> <span class='ocrx_word' id='word_1_337' title='bbox 553 3979 692 4028; x_wconf 88' lang='lat' dir='ltr'><strong>Antonium</strong></span> <span class='ocrx_word' id='word_1_338' title='bbox 712 3978 882 4042; x_wconf 86' lang='lat' dir='ltr'><strong>pertinentem</strong></span> <span class='ocrx_word' id='word_1_339' title='bbox 925 3976 1082 4026; x_wconf 85' lang='lat' dir='ltr'><strong>ohsidionem</strong></span> <span class='ocrx_word' id='word_1_340' title='bbox 1101 3974 1272 4025; x_wconf 85' lang='lat' dir='ltr'><strong>Alexandriae</strong></span> <span class='ocrx_word' id='word_1_341' title='bbox 1291 3976 1407 4040; x_wconf 85' lang='lat' dir='ltr'><strong>parauit,</strong></span> <span class='ocrx_word' id='word_1_342' title='bbox 1428 3976 1467 4026; x_wconf 81' lang='lat' dir='ltr'><strong>ia-</strong></span> 
     </span>
     <span class='ocr_line' id='line_1_42' title="bbox 335 4042 1467 4112; baseline -0.001 -16"><span class='ocrx_word' id='word_1_343' title='bbox 335 4054 406 4097; x_wconf 88' lang='lat' dir='ltr'><strong>reete</strong></span> <span class='ocrx_word' id='word_1_344' title='bbox 430 4048 597 4112; x_wconf 85' lang='lat' dir='ltr'><strong>pronuntiant</strong></span> <span class='ocrx_word' id='word_1_345' title='bbox 618 4046 763 4095; x_wconf 87' lang='lat' dir='ltr'><strong>notationes</strong></span> <span class='ocrx_word' id='word_1_346' title='bbox 785 4045 882 4109; x_wconf 82' lang='lat' dir='ltr'><strong>aliquot</strong></span> <span class='ocrx_word' id='word_1_347' title='bbox 924 4053 992 4095; x_wconf 92' lang='lat' dir='ltr'><strong>ctum</strong></span> <span class='ocrx_word' id='word_1_348' title='bbox 1004 4060 1061 4103; x_wconf 89' lang='lat' dir='ltr'><strong>esse</strong></span> <span class='ocrx_word' id='word_1_349' title='bbox 1074 4043 1176 4107; x_wconf 81' lang='lat' dir='ltr'><strong>colligo.</strong></span> <span class='ocrx_word' id='word_1_350' title='bbox 1196 4042 1303 4093; x_wconf 81' lang='lat' dir='ltr'><strong>Flaccus</strong></span> <span class='ocrx_word' id='word_1_351' title='bbox 1317 4044 1467 4108; x_wconf 73' lang='lat' dir='ltr'><strong>igitnrduas</strong></span> 
     </span>
     <span class='ocr_line' id='line_1_43' title="bbox 334 4110 1468 4181; baseline -0.002 -18"><span class='ocrx_word' id='word_1_352' title='bbox 334 4123 451 4165; x_wconf 82' lang='lat' dir='ltr'><strong>ueterum</strong></span> <span class='ocrx_word' id='word_1_353' title='bbox 471 4117 593 4165; x_wconf 87' lang='lat' dir='ltr'><strong>librorum</strong></span> <span class='ocrx_word' id='word_1_354' title='bbox 613 4123 639 4164; x_wconf 93' lang='lat' dir='ltr'><strong>et</strong></span> <span class='ocrx_word' id='word_1_355' title='bbox 656 4115 809 4181; x_wconf 81' lang='lat' dir='ltr'><strong>interpretes</strong></span> <span class='ocrx_word' id='word_1_356' title='bbox 822 4127 884 4162; x_wconf 91' lang='lat' dir='ltr'><strong>nou·</strong></span> <span class='ocrx_word' id='word_1_357' title='bbox 924 4110 1089 4181; x_wconf 75' lang='grc' dir='ltr'><strong><em>ἀλληγορίας</em></strong></span> <span class='ocrx_word' id='word_1_358' title='bbox 1106 4112 1240 4161; x_wconf 88' lang='lat' dir='ltr'><strong>continuas</strong></span> <span class='ocrx_word' id='word_1_359' title='bbox 1253 4114 1408 4178; x_wconf 87' lang='lat' dir='ltr'><strong>composuit,</strong></span> <span class='ocrx_word' id='word_1_360' title='bbox 1431 4112 1468 4162; x_wconf 91' lang='lat' dir='ltr'><strong>al-</strong></span> 
     </span>
     <span class='ocr_line' id='line_1_44' title="bbox 335 4179 1467 4248; baseline -0.003 -16"><span class='ocrx_word' id='word_1_361' title='bbox 335 4183 415 4245; x_wconf 90' lang='lat' dir='ltr'><strong>nulli,</strong></span> <span class='ocrx_word' id='word_1_362' title='bbox 438 4199 544 4248; x_wconf 87' lang='lat' dir='ltr'><strong>quorum</strong></span> <span class='ocrx_word' id='word_1_363' title='bbox 564 4184 661 4248; x_wconf 89' lang='lat' dir='ltr'><strong>primus</strong></span> <span class='ocrx_word' id='word_1_364' title='bbox 680 4180 729 4232; x_wconf 80' lang='lat' dir='ltr'><strong>tute</strong></span> <span class='ocrx_word' id='word_1_365' title='bbox 741 4182 880 4242; x_wconf 83' lang='lat' dir='ltr'><strong>haedinus,</strong></span> <span class='ocrx_word' id='word_1_366' title='bbox 924 4190 1006 4231; x_wconf 88' lang='lat' dir='ltr'><strong>teram</strong></span> <span class='ocrx_word' id='word_1_367' title='bbox 1020 4182 1050 4231; x_wconf 88' lang='lat' dir='ltr'><strong>de</strong></span> <span class='ocrx_word' id='word_1_368' title='bbox 1059 4181 1170 4230; x_wconf 88' lang='lat' dir='ltr'><strong>Antonio</strong></span> <span class='ocrx_word' id='word_1_369' title='bbox 1183 4188 1209 4230; x_wconf 93' lang='lat' dir='ltr'><strong>et</strong></span> <span class='ocrx_word' id='word_1_370' title='bbox 1219 4179 1360 4231; x_wconf 82' lang='lat' dir='ltr'><strong>Octauiano</strong></span> <span class='ocrx_word' id='word_1_371' title='bbox 1374 4182 1467 4231; x_wconf 90' lang='lat' dir='ltr'><strong>bellum</strong></span> 
     </span>
     <span class='ocr_line' id='line_1_45' title="bbox 335 4249 1468 4313; baseline -0.004 -11"><span class='ocrx_word' id='word_1_372' title='bbox 335 4253 381 4302; x_wconf 83' lang='lat' dir='ltr'><strong>sed</strong></span> <span class='ocrx_word' id='word_1_373' title='bbox 399 4268 472 4302; x_wconf 91' lang='lat' dir='ltr'><strong>nemo</strong></span> <span class='ocrx_word' id='word_1_374' title='bbox 493 4254 519 4303; x_wconf 92' lang='lat' dir='ltr'><strong>in</strong></span> <span class='ocrx_word' id='word_1_375' title='bbox 533 4252 656 4302; x_wconf 81' lang='lat' dir='ltr'><strong>carminis</strong></span> <span class='ocrx_word' id='word_1_376' title='bbox 674 4258 790 4300; x_wconf 86' lang='lat' dir='ltr'><strong>naturam</strong></span> <span class='ocrx_word' id='word_1_377' title='bbox 803 4249 881 4299; x_wconf 89' lang='lat' dir='ltr'><strong>altius</strong></span> <span class='ocrx_word' id='word_1_378' title='bbox 924 4250 1123 4312; x_wconf 87' lang='lat' dir='ltr'><strong>meditantibus,</strong></span> <span class='ocrx_word' id='word_1_379' title='bbox 1145 4249 1252 4313; x_wconf 84' lang='lat' dir='ltr'><strong>alteram</strong></span> <span class='ocrx_word' id='word_1_380' title='bbox 1265 4250 1295 4300; x_wconf 91' lang='lat' dir='ltr'><strong>de</strong></span> <span class='ocrx_word' id='word_1_381' title='bbox 1308 4252 1376 4300; x_wconf 86' lang='lat' dir='ltr'><strong>uicto</strong></span> <span class='ocrx_word' id='word_1_382' title='bbox 1389 4252 1468 4299; x_wconf 84' lang='lat' dir='ltr'><strong>Anto·</strong></span> 
     </span>
     <span class='ocr_line' id='line_1_46' title="bbox 335 4318 1468 4385; baseline -0.004 -14"><span class='ocrx_word' id='word_1_383' title='bbox 335 4322 499 4385; x_wconf 69' lang='lat' dir='ltr'><strong>penetrauit,</strong></span> <span class='ocrx_word' id='word_1_384' title='bbox 528 4322 594 4385; x_wconf 92' lang='lat' dir='ltr'><strong>quod</strong></span> <span class='ocrx_word' id='word_1_385' title='bbox 618 4327 647 4369; x_wconf 93' lang='lat' dir='ltr'><strong>ut</strong></span> <span class='ocrx_word' id='word_1_386' title='bbox 671 4321 721 4370; x_wconf 87' lang='lat' dir='ltr'><strong>iam</strong></span> <span class='ocrx_word' id='word_1_387' title='bbox 747 4319 880 4378; x_wconf 80' lang='lat' dir='ltr'><strong>iaciamus,</strong></span> <span class='ocrx_word' id='word_1_388' title='bbox 924 4319 967 4369; x_wconf 91' lang='lat' dir='ltr'><strong>uio</strong></span> <span class='ocrx_word' id='word_1_389' title='bbox 981 4318 1162 4383; x_wconf 84' lang='lat' dir='ltr'><strong>conscriptam,</strong></span> <span class='ocrx_word' id='word_1_390' title='bbox 1182 4326 1313 4383; x_wconf 88' lang='lat' dir='ltr'><strong>utramque</strong></span> <span class='ocrx_word' id='word_1_391' title='bbox 1326 4333 1429 4385; x_wconf 74' lang='lat' dir='ltr'><strong>grauem</strong></span> <span class='ocrx_word' id='word_1_392' title='bbox 1441 4325 1468 4368; x_wconf 84' lang='lat' dir='ltr'><strong>et</strong></span> 
     </span>
     <span class='ocr_line' id='line_1_47' title="bbox 336 4386 1268 4455; baseline -0.001 -17"><span class='ocrx_word' id='word_1_393' title='bbox 336 4391 411 4440; x_wconf 88' lang='lat' dir='ltr'><strong>nohis</strong></span> <span class='ocrx_word' id='word_1_394' title='bbox 423 4391 551 4455; x_wconf 89' lang='lat' dir='ltr'><strong>reliquum</strong></span> <span class='ocrx_word' id='word_1_395' title='bbox 564 4396 614 4440; x_wconf 88' lang='lat' dir='ltr'><strong>est.</strong></span> <span class='ocrx_word' id='word_1_396' title='bbox 641 4387 743 4439; x_wconf 79' lang='lat' dir='ltr'><strong>Marcus</strong></span> <span class='ocrx_word' id='word_1_397' title='bbox 755 4386 881 4437; x_wconf 88' lang='lat' dir='ltr'><strong>Antonius</strong></span> <span class='ocrx_word' id='word_1_398' title='bbox 925 4386 1072 4436; x_wconf 87' lang='lat' dir='ltr'><strong>admirabili</strong></span> <span class='ocrx_word' id='word_1_399' title='bbox 1086 4394 1141 4436; x_wconf 88' lang='lat' dir='ltr'><strong>arte</strong></span> <span class='ocrx_word' id='word_1_400' title='bbox 1153 4387 1268 4452; x_wconf 89' lang='lat' dir='ltr'><strong>politam.</strong></span> 
     </span>
    </p>

    <p class='ocr_par' dir='ltr' id='par_1_13' title="bbox 335 4454 1468 4728">
     <span class='ocr_line' id='line_1_48' title="bbox 335 4454 1468 4522; baseline -0.004 -14"><span class='ocrx_word' id='word_1_401' title='bbox 335 4460 410 4522; x_wconf 84' lang='lat' dir='ltr'><strong>pulsa</strong></span> <span class='ocrx_word' id='word_1_402' title='bbox 427 4474 509 4507; x_wconf 85' lang='lat' dir='ltr'><strong>uxore</strong></span> <span class='ocrx_word' id='word_1_403' title='bbox 522 4456 634 4507; x_wconf 76' lang='lat' dir='ltr'><strong>Octauia</strong></span> <span class='ocrx_word' id='word_1_404' title='bbox 651 4461 687 4520; x_wconf 89' lang='lat' dir='ltr'><strong>(a.</strong></span> <span class='ocrx_word' id='word_1_405' title='bbox 702 4457 764 4519; x_wconf 80' lang='lat'>719)</span> <span class='ocrx_word' id='word_1_406' title='bbox 781 4456 883 4506; x_wconf 85' lang='lat' dir='ltr'><strong>adulter</strong></span> <span class='ocrx_word' id='word_1_407' title='bbox 979 4454 1186 4509; x_wconf 74' lang='lat' dir='ltr'><strong>1-a.‚1²aseor</strong></span> <span class='ocrx_word' id='word_1_408' title='bbox 1197 4482 1232 4493; x_wconf 93' lang='lat'><em>-</em></span> <span class='ocrx_word' id='word_1_409' title='bbox 1251 4456 1403 4521; x_wconf 75' lang='lat' dir='ltr'><strong>hospitam:</strong></span> <span class='ocrx_word' id='word_1_410' title='bbox 1424 4468 1468 4517; x_wconf 85' lang='lat' dir='ltr'><strong>pa-</strong></span> 
     </span>
     <span class='ocr_line' id='line_1_49' title="bbox 336 4522 1467 4591; baseline -0.006 -16"><span class='ocrx_word' id='word_1_411' title='bbox 336 4542 392 4575; x_wconf 86' lang='lat' dir='ltr'><strong>eum</strong></span> <span class='ocrx_word' id='word_1_412' title='bbox 411 4526 552 4591; x_wconf 83' lang='lat' dir='ltr'><strong>Cleopatra</strong></span> <span class='ocrx_word' id='word_1_413' title='bbox 575 4526 658 4588; x_wconf 85' lang='lat' dir='ltr'><strong>uixit,</strong></span> <span class='ocrx_word' id='word_1_414' title='bbox 683 4532 712 4574; x_wconf 92' lang='lat' dir='ltr'><strong>ut</strong></span> <span class='ocrx_word' id='word_1_415' title='bbox 730 4524 805 4574; x_wconf 84' lang='lat' dir='ltr'><strong>Paris</strong></span> <span class='ocrx_word' id='word_1_416' title='bbox 826 4538 882 4573; x_wconf 91' lang='lat' dir='ltr'><strong>cum</strong></span> <span class='ocrx_word' id='word_1_417' title='bbox 925 4523 1081 4585; x_wconf 87' lang='lat' dir='ltr'><strong>storParis,</strong></span> <span class='ocrx_word' id='word_1_418' title='bbox 1103 4523 1256 4587; x_wconf 86' lang='lat' dir='ltr'><strong>quiolinnio</strong></span> <span class='ocrx_word' id='word_1_419' title='bbox 1272 4522 1467 4572; x_wconf 85' lang='lat' dir='ltr'><strong>ldamonteex·</strong></span> 
     </span>
     <span class='ocr_line' id='line_1_50' title="bbox 337 4589 1467 4659; baseline -0.006 -15"><span class='ocrx_word' id='word_1_420' title='bbox 337 4594 450 4659; x_wconf 80' lang='lat' dir='ltr'><strong>Relena3</strong></span> <span class='ocrx_word' id='word_1_421' title='bbox 476 4596 544 4644; x_wconf 89' lang='lat' dir='ltr'><strong>idem</strong></span> <span class='ocrx_word' id='word_1_422' title='bbox 564 4610 597 4644; x_wconf 88' lang='lat' dir='ltr'><strong>ex</strong></span> <span class='ocrx_word' id='word_1_423' title='bbox 616 4609 699 4659; x_wconf 73' lang='lat' dir='ltr'><strong>pugna</strong></span> <span class='ocrx_word' id='word_1_424' title='bbox 716 4594 823 4643; x_wconf 91' lang='lat' dir='ltr'><strong>Actiaca</strong></span> <span class='ocrx_word' id='word_1_425' title='bbox 843 4592 883 4641; x_wconf 84' lang='lat' dir='ltr'><strong>du·</strong></span> <span class='ocrx_word' id='word_1_426' title='bbox 924 4594 1022 4657; x_wconf 85' lang='lat' dir='ltr'><strong>positus</strong></span> <span class='ocrx_word' id='word_1_427' title='bbox 1047 4606 1136 4654; x_wconf 73' lang='lat' dir='ltr'><strong>greges</strong></span> <span class='ocrx_word' id='word_1_428' title='bbox 1160 4590 1315 4652; x_wconf 88' lang='lat' dir='ltr'><strong>custodiuit,</strong></span> <span class='ocrx_word' id='word_1_429' title='bbox 1348 4589 1467 4638; x_wconf 78' lang='lat' dir='ltr'><strong>flaianum</strong></span> 
     </span>
     <span class='ocr_line' id='line_1_51' title="bbox 338 4657 1467 4728; baseline -0.005 -15"><span class='ocrx_word' id='word_1_430' title='bbox 338 4664 411 4725; x_wconf 74' lang='lat' dir='ltr'><strong>giers</strong></span> <span class='ocrx_word' id='word_1_431' title='bbox 423 4680 456 4715; x_wconf 78' lang='lat' dir='ltr'><strong>ex</strong></span> <span class='ocrx_word' id='word_1_432' title='bbox 468 4662 883 4728; x_wconf 74' lang='lat' dir='ltr'><strong>nuuinuainsslcopatcaenauem</strong></span> <span class='ocrx_word' id='word_1_433' title='bbox 925 4660 998 4726; x_wconf 89' lang='lat' dir='ltr'><strong>quasi</strong></span> <span class='ocrx_word' id='word_1_434' title='bbox 1017 4659 1137 4724; x_wconf 84' lang='lat' dir='ltr'><strong>praedam</strong></span> <span class='ocrx_word' id='word_1_435' title='bbox 1156 4658 1263 4709; x_wconf 88' lang='lat' dir='ltr'><strong>abduxit</strong></span> <span class='ocrx_word' id='word_1_436' title='bbox 1281 4657 1398 4723; x_wconf 83' lang='lat' dir='ltr'><strong>(traxit),</strong></span> <span class='ocrx_word' id='word_1_437' title='bbox 1418 4672 1467 4707; x_wconf 89' lang='lat' dir='ltr'><strong>nou</strong></span> 
     </span>
    </p>
   </div>
   <div class='ocr_carea' id='block_1_13' title="bbox 0 0 1946 5525">
    <p class='ocr_par' dir='ltr' id='par_1_14' title="bbox 0 0 1946 5525">
     <span class='ocr_line' id='line_1_52' title="bbox 0 0 1946 5525; baseline 0 0"><span class='ocrx_word' id='word_1_438' title='bbox 0 0 1946 5525; x_wconf 95' lang='lat' dir='ltr'><strong> </strong></span> 
     </span>
    </p>
   </div>
  </div>
 </body>
</html>
