3884 5525
778 631 954 686 caniiiitvbi
974 633 983 686 i
1004 635 1046 686 29.

830 1139 993 1201 xxrnn.

602 1321 678 1399 loci,
695 1323 796 1384 beatis
811 1337 895 1384 nunc
910 1321 1049 1384 Arabum
1066 1319 1203 1384 inuides'

600 1435 691 1510 gazis
707 1437 856 1495 elacrem
872 1434 1012 1495 militiam
1028 1448 1121 1510 paras

601 1559 663 1605 non
680 1547 753 1605 ante
769 1545 901 1606 deuictis
918 1540 1056 1606 Sabaeae

600 1656 740 1731 regibus,
757 1655 960 1730 horribilique
975 1651 1069 1716 Medo

416 1844 454 1892 Ari
475 1843 579 1892 iccium.
610 1841 687 1894 Metr.
706 1849 758 1894 cai.
771 1844 806 1894 A.
908 1842 948 1892 aa
969 1841 1062 1892 iccium
1083 1841 1198 1904 loquitar
1216 1841 1272 1891 BH·
1305 1842 1404 1894 Omisit
1414 1843 1480 1893 Dia·

344 1913 446 2030 mis
462 1980 586 2029 mirream
598 1980 657 2030 sn.
764 1980 789 2029 a.
810 1978 904 2029 oseae
917 1977 1024 2030 noar.
1130 1979 1157 2028 4.
1177 1978 1328 2044 irrisorque
1342 1979 1374 2030 n.

399 2201 486 2251 Germ.
494 2198 628 2266 xxviiii.
645 2199 813 2250 Prooemium.
827 2200 890 2264 leci,
936 2201 1080 2249 submonet
1104 2200 1185 2250 lictor
1208 2204 1322 2251 miseros
1347 2203 1480 2252 &arnallus

348 2297 378 2341 iu
397 2291 509 2356 regibus
522 2291 642 2340 Arabiae
655 2291 820 2354 Parlbs'sque
841 2289 893 2339 bel·
935 2271 1042 2318 mum·
1075 2267 1327 2333 H⁰f¹¹²i⁰1³¹¹¹ffl¹⁶m
1351 2285 1480 2320 ”umerum

431 2384 437 2395 ‚
608 2384 613 2395 ,
666 2384 672 2394 ,
935 2336 1480 2402 praeiueratLuereiiusll37=nilnoslro

348 2382 406 2431 lum
424 2380 693 2445 msm'm‘d‘l‘m·
721 2381 900 2446 0⁰⁰⁶Pm‘·
935 2410 1090 2469 incorpore
1107 2407 1364 2469 gasaeprqficiunl.
1393 2406 1480 2470 ltaque

347 2476 404 2521 mia
427 2471 554 2520 laborum
584 2470 662 2520 lauta
685 2485 718 2518 ae
740 2467 807 2519 rar'a
831 2469 894 2519 inde
937 2489 985 2522 non
1006 2487 1068 2521 uere
1086 2471 1192 2522 Seruius
1214 2473 1246 2521 ad
1264 2471 1442 2536 Vergiliae.
1459 2472 1480 2523 ii

348 2561 459 2611 domum
472 2560 581 2609 laturus
591 2567 638 2608 es?
657 2559 827 2622 Omniafieri
837 2562 893 2607 iam
937 2541 1003 2591 763²
1024 2555 1097 2604 ἔω
1110 2556 1204 2622 imin*
1217 2541 1363 2590 Pfflmm
1376 2543 1480 2605 ‘ligiis

937 2615 966 2658 el
990 2615 1031 2658 est
1054 2625 1159 2658 numere
1184 2609 1335 2673 singularis
1360 2615 1479 2660 lantum.

344 2653 895 2716 P⁰⁸⁸²¹P²sP⁰⁸ti²¹⁰mmmmmm
939 2677 1016 2726 imma
1040 2693 1106 2726 unus
1131 2677 1236 2742 quisque
1260 2693 1345 2741 regum
1370 2677 1481 2728 Arabiae

345 2739 537 2807 philosophiae
571 2737 651 2788 milvi
684 2753 741 2789 0⁸⁸0
769 2737 892 2789 ¹¹⁰liti'tii'·
938 2762 1009 2796 snam
1019 2762 1106 2811 gazam
1118 2746 1203 2795 habet.
1224 2745 1355 2796 Horatium
1366 2747 1481 2797 imitatur

349 2828 472 2895 (Mamm
486 2828 628 2892 lilonicum)
939 2815 1038 2865 Seneca
1057 2815 1159 2864 Hercul.
1182 2814 1231 2864 iur.
1248 2816 1312 2865 iob:
1338 2817 1381 2865 bic
1405 2816 1480 2865 nullo

930 2886 993 2946 fine
1005 2886 1096 2933 beclas
1110 2887 1249 2949 componit
1261 2900 1332 2948 opes,
1351 2888 1429 2950 gazis
1441 2888 1481 2933 ia·

402 2951 498 3001 Poema
512 2952 562 3030 hoc
580 2951 674 3001 iactum
693 2957 732 3000 est
752 2964 777 3000 a.
791 2951 841 3000 iti
854 2948 892 3014 (a.
938 2955 1033 3016 bians,
1056 2958 1083 3002 ei
1100 2958 1227 3017 congesto
1244 2968 1349 3018 pauper
1364 2954 1393 3002 in
1413 2966 1482 3002 auro

351 3020 411 3070 Chr.
426 3021 486 3082 27),
509 3036 557 3084 qno
577 3026 680 3069 ueteres
698 3019 797 3068 milites
809 3020 895 3081 Augu·
938 3028 989 3072 est.
1412 3038 1415 3044 ’

351 3096 416 3138 stam
435 3089 460 3137 in
474 3088 624 3137 Occidentis
641 3088 787 3152 prouincias
798 3087 896 3137 abeun·
990 3089 1082 3138 t-i.
1113 3103 1201 3137 acrem
1227 3088 1355 3138 militiam
1377 3114 1413 3123 —
1433 3088 1483 3139 Sa·

350 3165 401 3206 tem
410 3157 503 3217 secuti,
515 3159 573 3206 noni
583 3156 698 3206 delectus
708 3157 895 3221 perdomandae
939 3160 1019 3208 bacae
1037 3158 1162 3223 regibus:
1184 3157 1245 3206 hacc
1263 3156 1403 3221 respiciunt
1421 3156 1482 3206 beili

350 3227 464 3275 Arabiae
482 3233 509 3274 et
520 3225 679 3274 debellandis
692 3224 792 3274 Peribis
813 3224 895 3274 babiti
938 3234 1044 3291 paratus
1063 3240 1088 3275 a.
1102 3226 1150 3274 iti
1170 3226 1296 3275 aduersus
1308 3225 1407 3274 Arabas
1421 3225 1484 3275 Par-

351 3303 420 3344 sant.
440 3293 510 3356 Lege
523 3292 683 3342 Prooemium
696 3293 727 3343 ad
743 3293 751 3342 i
767 3293 809 3342 35.
939 3297 1046 3359 ibosqae
1061 3294 1151 3356 iactos,
1172 3310 1226 3343 cam
1241 3295 1369 3358 Augustas
1383 3294 1409 3342 ia
1423 3292 1483 3344 Gai-

405 3362 493 3411 1-2.
509 3362 569 3421 leci,
585 3363 671 3411 beatis
682 3388 718 3398 -·
730 3362 835 3411 inuidos
847 3376 896 3427 ga·
940 3363 999 3413 liam
1019 3371 1046 3411 et
1065 3363 1122 3412 inde
1136 3370 1223 3412 contra
1238 3363 1372 3411 Britannos
1391 3364 1483 3425 iturus,

351 3435 510 3481 eis:nomeo
525 3431 613 3479 statim
624 3430 649 3478 ia
660 3430 786 3494 principio
796 3444 897 3494 poema·
940 3432 1017 3479 elaces
1042 3434 1124 3479 autern
1150 3431 1176 3479 ia
1202 3430 1333 3479 Orientem
1357 3430 1483 3479 missurus

351 3500 386 3549 tis
423 3499 534 3564 positum
570 3499 722 3548 familiarem
751 3497 895 3547 mirabundi
940 3506 1007 3548 erat.
1039 3498 1132 3548 Sabaei
1155 3498 1238 3547 ielicis
1259 3498 1370 3547 Arabiae
1392 3513 1484 3547 memo·

351 3569 427 3617 amici
452 3568 671 3632 compellationem
695 3567 827 3629 imitaiur3
855 3568 897 3615 in·
940 3575 1031 3617 rantur
1043 3574 1071 3616 ut
1082 3566 1175 3616 ceteris
1187 3568 1304 3616 ditiores.
1323 3566 1484 3616 Ptolemaeus

351 3637 427 3686 uides
437 3641 518 3700 gazis
538 3651 555 3685 a
565 3636 674 3685 mirante
687 3634 826 3699 profertur,
847 3650 895 3683 non
940 3635 973 3685 Vl
989 3638 1002 3684 7
1016 3634 1083 3699 §ib
1105 3635 1201 3684 Plinius
1215 3633 1246 3682 Vl
1260 3634 1291 3683 32
1302 3633 1374 3697 (28);
1390 3636 1487 3684 Sabaei

352 3705 384 3754 ab
395 3705 589 3767 interrogante:
612 3718 668 3753 nam
681 3704 702 3753 si
723 3702 897 3765 interrogandi
939 3705 1063 3754 Arabum
1074 3707 1190 3767 propter
1203 3708 1266 3751 lura
1279 3704 1434 3751 clarissimi.

352 3775 451 3836 signam
469 3773 586 3838 posueris
605 3779 663 3837 post
675 3775 761 3821 nectis
774 3777 894 3833 catenas,
992 3772 1018 3820 i.
1044 3771 1221 3835 horribilique
1240 3770 1334 3819 Medo:
1354 3770 1484 3819 exercitus

352 3848 433 3891 totum
452 3856 542 3907 poema
563 3840 757 3907 quaestionibus
778 3840 898 3889 absolue·
941 3840 1003 3901 iile,
1024 3845 1141 3887 atcerte
1162 3838 1275 3887 homiues
1294 3838 1363 3887 inter
1380 3845 1485 3903 paratus

351 3917 409 3973 tur,
430 3910 497 3975 qnod
511 3909 635 3959 Horatius
648 3908 786 3958 uarietatis
800 3916 899 3957 amator
942 3908 1049 3958 bellicos
1068 3906 1200 3968 ferebant,
1230 3920 1261 3955 ex
1279 3906 1377 3956 Arabia
1396 3906 1485 3972 perdo·

246 3997 251 4014 ¹
352 3979 417 4028 hauri
429 3979 506 4028 dabie
517 3977 621 4027 uitauit.
640 3975 783 4027 Theodisce
793 3975 897 4026 efferas:
940 3978 1004 4025 mita
1017 3976 1042 4025 in
1056 3975 1205 4025 Parthorum
1220 3989 1323 4037 regnum
1336 3975 1387 4025 iter
1399 3977 1485 4025 inaer-

352 4046 535 4112 des'neAugen
552 4045 773 4109 gelsenwirlslieb
787 4045 842 4109 aas
856 4044 899 4093 elie
941 4051 1095 4095 sorbserat.
1121 4042 1185 4093 Nam
1199 4043 1291 4093 Medus
1312 4042 1484 4107 estParthas,

353 4117 460 4164 reicben
473 4114 674 4165 Tbronsclra'lse
687 4114 735 4163 eles·
747 4115 861 4164 Arabes.
942 4114 973 4163 de
987 4129 1035 4178 quo
1050 4112 1082 4162 ari
1096 4112 1105 4162 i
1119 4112 1134 4161 2
1148 4112 1190 4161 22.
1212 4111 1322 4177 Egregie
1335 4128 1486 4179 componan-

354 4182 427 4233 Gaaa
441 4184 537 4233 elicitur
556 4183 587 4232 (lo
605 4183 713 4247 pecunia
731 4183 841 4231 lausum
854 4181 899 4229 rio-
941 4189 985 4232 tur
1003 4182 1140 4231 horribilis
1154 4179 1243 4231 Medus
1261 4188 1287 4230 et
1300 4187 1410 4231 catenae
1428 4180 1486 4229 haic

353 4266 407 4301 mas
420 4252 509 4315 regiae
522 4250 643 4316 seposita.
666 4250 771 4300 Curtius
782 4249 816 4299 lii
830 4251 860 4300 13
871 4250 897 4297 52
942 4265 1024 4299 nexae
1038 4264 1054 4299 a
1066 4250 1207 4314 sapientise
1220 4250 1344 4299 studioso.
1375 4250 1486 4299 Calenus

351 4325 493 4384 pecuniam
507 4323 611 4384 regiam
625 4334 706 4382 quam
722 4333 822 4385 gazam
837 4319 901 4367 Per·
942 4319 1074 4381 intellege,
1102 4318 1195 4383 quibas
1224 4319 1304 4368 uincti
1335 4316 1485 4367 Parthorum

354 4404 400 4438 sae
417 4389 519 4439 dicuni.
546 4387 618 4437 nale
632 4386 717 4437 Taciti
730 4388 796 4437 han.
810 4384 843 4437 Vl
857 4386 900 4448 37,
944 4386 1038 4452 captiui
1064 4385 1167 4436 Romam
1191 4386 1355 4436 (lacerentur.
1386 4384 1486 4435 Arabas

342 4456 454 4509 ‚XV13.
488 4457 543 4507 cio.
558 4454 609 4506 cii.
624 4454 645 4506 ii
659 4456 707 4506 22:
728 4458 804 4506 omni
813 4455 901 4505 Mace-
944 4472 997 4505 non
1016 4460 1079 4505 ante
1100 4455 1221 4505 deuictos
1234 4470 1289 4505 esse
1303 4453 1398 4515 reiert,
1421 4451 1486 4516 quod

356 4525 454 4576 donum
476 4540 564 4591 gaza,
592 4540 661 4591 quae
677 4525 744 4589 suit
765 4527 898 4585 maxima,
944 4538 977 4573 ex
1006 4523 1053 4573 tali
1082 4530 1157 4585 gente
1184 4524 1319 4587 ampliores
1346 4534 1406 4585 opes
1431 4533 1487 4584 spe-

355 4598 458 4656 politus
478 4600 523 4644 est
532 4592 647 4643 Paulus.
672 4593 720 4643 Hic
733 4600 821 4642 noster
833 4591 854 4641 ti
870 4591 901 4640 io
945 4600 1044 4642 rantur.
1065 4590 1144 4641 iiiii
1159 4590 1188 4639 1:
1207 4592 1320 4640 intactis
1334 4587 1489 4652 opulentias·

357 4661 386 4711 b:
400 4678 451 4713 noa
464 4666 537 4713 enim
547 4678 643 4728 garae,
655 4677 740 4727 neque
750 4660 901 4712 consularis
945 4663 1084 4710 thesauris
1097 4660 1229 4709 Arabum.
