3884 5525
968 637 1104 689 nostru

665 810 727 870 troi
743 809 860 884 paratis
876 811 908 878 et
923 809 1027 872 ualido
1043 809 1131 884 milri,

663 916 775 996 Latoe,
794 920 900 993 dones,
916 923 959 996 at,
978 934 1099 996 precor,
1117 920 1240 996 integra

665 1046 736 1092 cum
752 1035 867 1106 mente,
885 1045 943 1090 uec
959 1034 1080 1105 turpem
1096 1035 1254 1117 senectam

307 1118 311 1124 “
456 1153 556 1228 uo!
663 1140 1170 1217 degereneceitbaracarentem.

475 1388 487 1395 α
526 1329 567 1378 17.
584 1329 660 1394 miebi
674 1329 705 1380 B.
810 1329 851 1378 18.
871 1331 940 1378 atA
956 1329 1133 1395 prBGHtag:
1154 1345 1183 1379 ae
1203 1329 1378 1379 oorcham
1394 1333 1490 1392 parteis
1509 1331 1581 1394 aliie,

455 1397 650 1449 etbamba'aus.
711 1444 714 1447 .
753 1397 796 1447 20.
816 1398 925 1465 cythara
937 1398 1038 1464 BGHg.
1246 1421 1251 1430 ·

454 1604 519 1665 suit,
540 1604 566 1651 in
584 1603 633 1652 line
647 1604 756 1653 nominis
769 1611 889 1668 quattuor
907 1603 998 1654 breues
1041 1604 1143 1653 ualidus
1162 1619 1216 1652 sum
1235 1609 1321 1653 aetate
1337 1609 1363 1652 et
1381 1596 1498 1652 uiribus'.
1520 1601 1582 1652 Huic

456 1671 570 1738 syllabas
600 1673 788 1736 suppeditantis
819 1673 897 1722 simili
922 1673 998 1722 uenia
1041 1673 1295 1739 respoudetalterum
1309 1672 1446 1722 membrum
1463 1678 1583 1722 nectar·

455 1756 517 1790 usus
529 1748 580 1802 est,
591 1748 620 1790 ut
629 1739 721 1791 Graeci
734 1749 825 1805 poetae
837 1742 861 1790 iu
873 1741 997 1807 principio
1039 1759 1100 1808 pem
1112 1747 1246 1791 senectam
1260 1741 1354 1806 degere
1367 1740 1408 1804 (=
1423 1746 1452 1790 et
1462 1756 1515 1790 aare
1529 1748 1582 1790 tur·

454 1825 511 1858 uoc.
538 1801 680 1866 ἀθάνατος
705 1817 731 1859 et
754 1809 841 1859 Latini
867 1811 892 1859 iu
912 1811 997 1860 Italia
1040 1826 1096 1876 pem
1117 1817 1246 1860 senectam
1267 1809 1387 1874 degere),
1411 1810 1475 1873 quod
1501 1809 1581 1874 ipsum

454 1877 559 1942 primam
594 1884 639 1926 aut
669 1880 804 1928 secundam
843 1878 994 1943 producunt.
1040 1879 1185 1944 explicatur
1202 1878 1324 1942 proximis
1343 1894 1392 1927 neo
1411 1879 1519 1927 eithara
1538 1894 1582 1926 ea·
1630 1879 1633 1884 ’

371 1979 376 1986 ·
454 1947 527 2011 Apud
552 1945 681 1995 Pollucem
706 1945 754 2008 (Vl
780 1947 832 2010 62)
856 1947 915 1996 olim
940 1954 997 1996 erat
1041 1954 1158 1998 rentem:
1179 1962 1235 1996 uam
1254 1953 1410 1996 senectutem
1425 1945 1582 1995 siuecarrui-

454 2018 598 2081 κιχορεῖον,
619 2014 662 2062 sed
676 2014 807 2064 Bekluerus
819 2007 943 2084 κιχόριον
954 2031 997 2064 re·
1041 2017 1114 2065 nibus
1134 2015 1277 2065 indecoram
1297 2015 1346 2063 sibi
1365 2022 1438 2080 putat
1451 2015 1598 2064 lloratius.'

454 2084 550 2132 stituit.
566 2082 662 2132 Plinius
670 2082 721 2132 XX
732 2084 764 2132 30
772 2082 812 2147 (8)
822 2082 835 2148 ξ
844 2085 892 2132 ll:
907 2085 997 2134 eielto-
1040 2084 1116 2134 Prius
1126 2092 1210 2133 autem
1221 2084 1347 2133 enuntiati
1358 2084 1494 2132 membrum
1506 2084 1584 2148 (sraa'

454 2155 526 2200 riam
548 2152 706 2214 refrigerat.
731 2152 761 2201 Ia
781 2154 839 2201 cibo
856 2158 996 2217 sumptam
1037 2156 1147 2218 paratis
1177 2157 1205 2204 et
1233 2152 1328 2210 aalide
1356 2153 1433 2215 mibi)
1459 2152 1582 2206 dilatatur

455 2224 483 2269 et
496 2219 598 2268 illitam
613 2220 794 2284 collectiones,
808 2236 941 2286 saeuoque
952 2221 997 2270 de·
1041 2221 1121 2271 illatis
1154 2227 1200 2284 at,
1235 2235 1350 2284 precor,
1383 2224 1491 2284 integra
1521 2235 1584 2270 cana.

454 2291 527 2337 coeti
550 2292 670 2337 uentrem
694 2290 787 2339 soluit.
826 2289 944 2339 Ioeinori
970 2295 999 2339 et
1040 2296 1136 2352 mente,
1150 2305 1198 2354 quo
1213 2297 1316 2338 uotatur
1327 2289 1489 2354 praecipuum
1502 2288 1581 2337 ualidi

455 2358 561 2405 renibus
588 2360 615 2404 et
640 2359 778 2408 stomacho
802 2358 926 2424 prodest.
958 2359 996 2406 ab
1042 2359 1148 2408 bominis
1172 2359 1248 2408 decus
1273 2372 1360 2407 sanam
1383 2365 1492 2407 mentem
1513 2372 1579 2407 esse.

453 2423 560 2473 Horatio
578 2424 604 2472 iu
624 2425 747 2475 cichoreis
765 2443 830 2476 uuae
846 2442 896 2476 uua
908 2427 997 2476 uilitas
1040 2426 1121 2492 Vulgo
1140 2443 1184 2492 pro
1204 2433 1235 2476 at
1254 2442 1284 2476 ex
1304 2426 1450 2476 coniectura
1463 2425 1581 2480 Lambini
1646 2440 1651 2448 ·

454 2493 601 2558 respicitur.
647 2495 996 2560 leaeeqaemaluaergraue
1039 2496 1135 2559 legitur
1154 2501 1195 2545 et:
1220 2495 1265 2545 sed
1284 2495 1382 2544 lloratii
1407 2495 1508 2544 codices
1533 2509 1581 2544 nou

454 2557 545 2626 eo‘rpus
565 2562 725 2613 alleuautes:
745 2563 856 2629 lipom
876 2565 924 2614 58:
946 2571 999 2615 aar
1040 2572 1097 2615 sunt
1115 2565 1255 2626 eiusmodi,
1276 2571 1304 2613 ut
1328 2579 1378 2612 uox
1402 2571 1453 2613 tam
1478 2564 1581 2612 iuuoxia

452 2634 538 2694 grani
547 2630 655 2680 maluae
669 2633 793 2682 salubres
806 2637 926 2699 corpori.
1040 2635 1098 2698 (et),
1112 2634 1134 2683 si
1148 2633 1179 2682 ab
1194 2633 1266 2682 initio
1279 2631 1414 2696 abluisset,
1428 2633 1453 2681 iu
1467 2632 1581 2682 omuibus

1039 2709 1253 2767 corrumperetur.
1283 2701 1397 2767 Linguae
1419 2701 1517 2766 legibus
1539 2701 1582 2751 ud-

507 2732 628 2785 17-20.
648 2731 720 2784 Nunc
739 2734 837 2786 demum
856 2736 927 2803 ipsae
940 2751 997 2803 pre·
1039 2779 1159 2821 uersam,
1179 2788 1227 2835 aa,
1249 2778 1278 2821 u,
1302 2771 1327 2820 in
1353 2771 1424 2820 pbri,
1448 2770 1581 2837 perpaucis

454 2816 497 2850 ees
508 2802 574 2850 uatis
584 2802 638 2851 siue
649 2802 748 2853 lloratii
758 2812 905 2870 sequautur.
917 2806 997 2871 Optat

453 2870 515 2934 illc,
533 2877 562 2919 ut
574 2885 638 2934 quae
652 2871 678 2919 iu
691 2881 806 2938 promptu
819 2874 869 2923 sibi
883 2874 945 2936 siut,
962 2875 996 2925 iis

454 2953 532 2987 sauus
554 2938 605 2988 lrui
627 2940 725 3003 possit,
748 2957 811 2991 neue
834 2958 913 2993 seuex
930 2943 997 2993 bona

454 3004 523 3056 fama
536 3014 581 3055 aut
592 3008 692 3057 eithara
705 3017 803 3059 careat.

1040 2910 1095 2958 uios
1109 2916 1289 2971 annumerent,
1306 2909 1417 2974 imperiti
1430 2908 1503 2971 uagis
1516 2907 1581 2957 Cru-

1040 2976 1092 3042 quii
1123 2976 1207 3027 uerbis
1237 2978 1322 3029 iuduei
1352 2977 1427 3027 facile
1457 2984 1579 3042 possunt:

1039 3044 1129 3110 quippe
1142 3045 1246 3095 scribit:
1257 3043 1307 3096 ‘sic
1318 3046 1372 3110 (aa)
1386 3046 1518 3109 legendum
1529 3052 1578 3108 est,

507 3107 579 3155 17-
589 3109 630 3157 18.
642 3108 709 3173 srai
722 3115 835 3175 paratis
854 3118 883 3161 et
900 3113 995 3163 aalide
1038 3120 1067 3162 ut
1080 3113 1174 3162 habeut
1186 3114 1275 3180 scripti
1294 3116 1350 3165 cod.
1366 3130 1415 3166 nou
1427 3120 1472 3178 at,
1493 3121 1522 3165 ut
1534 3114 1580 3164 ba-

453 3174 524 3224 mili
536 3201 567 3211 -
582 3174 678 3225 doner:
693 3179 864 3229 aotiaomita·
875 3176 995 3231 est‘dum
1039 3180 1099 3232 beot
1111 3175 1234 3245 uulgati'.

1039 2840 1161 2905 seriptum
1179 2848 1233 2903 est,
1255 2840 1345 2905 quibus
1359 2847 1386 2889 ut
1398 2841 1466 2905 ipsos
1479 2839 1581 2889 blaudi·
1628 2880 1639 2905 Ι

1713 1669 1741 1792 ¹l
