3884 5525
761 586 938 641 CAfflssNVid
956 586 990 641 iii
1009 590 1035 639 6.

542 756 597 819 sed
612 756 804 818 rusticorum
820 755 958 818 mascula
974 756 1109 820 miiitum

542 866 658 943 proies,
676 862 809 929 Sabellis
826 867 915 927 docta
930 866 1087 943 ligonibus

543 990 672 1038 uersare
687 976 796 1059 glebas
812 981 843 1039 et
858 991 990 1039 seuerae

542 1088 652 1149 matris
668 1089 706 1149 ad
721 1088 885 1153 arbitrium
899 1087 1019 1149 recisos

542 1244 668 1315 portare
684 1240 796 1315 iirstes,
815 1238 862 1299 soi
878 1238 930 1299 ubi
946 1238 1098 1301 montium

542 1354 678 1411 mutaret
692 1352 819 1412 umbras
834 1354 866 1411 et
881 1350 956 1425 iuga
971 1348 1109 1411 derueret

541 1459 640 1522 bobus
656 1460 807 1539 fatigatis,
825 1461 959 1521 amicum

541 1572 663 1647 tenipus
679 1586 777 1648 agens
792 1573 925 1633 abeunte
940 1583 1047 1631 curru.

541 1722 690 1785 damnosa
705 1726 779 1801 quii
795 1738 856 1787 non
871 1722 1021 1785 inminuit
1035 1712 1123 1785 diesi
1424 1736 1458 1784 45
1532 1701 1538 1710 ⁴

541 1836 628 1894 aetas
643 1840 807 1910 parentum
824 1834 912 1911 peior
927 1831 996 1894 auis
1012 1832 1085 1893 tulit

449 1939 451 1947 “
541 1956 598 2003 nos
616 1945 791 2021 nequiores,
810 1960 883 2007 mox
899 1944 1027 2005 daturos

539 2056 718 2129 progeniem
733 2056 940 2117 uitiosioreru.

399 2204 513 2253 41-44.
535 2182 626 2255 801'-
638 2222 714 2257 curru
732 2210 889 2259 Priscianus
906 2206 953 2258 vii
968 2208 999 2257 17
1013 2207 1056 2257 82.
1160 2203 1204 2254 ib.
1224 2175 1308 2256 Br'rbus
1320 2207 1354 2259 B.

334 2270 374 2321 45.
395 2270 552 2337 DripcosaB,
566 2274 683 2327 noraGH.
744 2278 861 2330 inminuit
869 2277 925 2341 BG,
939 2276 1013 2327 imin.
1022 2292 1060 2341 g:
1074 2276 1142 2325 imm.
1151 2274 1186 2323 H.
1273 2276 1384 2326 tt—ra.
1400 2294 1458 2329 uros

332 2366 366 2375 —
377 2340 535 2393 uitiosioreru
548 2342 662 2395 Seruius
674 2344 712 2395 od
724 2346 805 2413 Verg.
822 2344 944 2411 δεινῶ]
958 2345 1002 2395 24.
1104 2341 1151 2393 48.
1170 2342 1332 2395 uicissioreru
1346 2345 1427 2397 uuit.

333 2490 384 2539 ies:
409 2491 513 2540 milites·
526 2491 579 2541 ruri
601 2499 674 2543 natos
696 2493 781 2559 ibique
805 2494 872 2543 omui
915 2493 1097 2544 relambo-as.-
1120 2491 1254 2556 prsecisrc
1273 2492 1400 2542 breuitate
1414 2510 1458 2543 no-

332 2558 418 2609 iabore
430 2560 556 2611 firmatos.
582 2558 650 2611 Caua
669 2562 773 2626 iungere
786 2566 873 2613 rusti-
915 2562 982 2612 tauit
992 2568 1073 2610 toturn
1083 2559 1149 2609 diens
1162 2560 1268 2608 iuuenes
1279 2560 1348 2625 operi
1362 2562 1456 2611 rustico

331 2642 421 2677 corum
434 2629 556 2679 militum
574 2630 677 2695 proles,
698 2632 742 2681 sed
756 2634 873 2681 rustico-
914 2646 942 2681 se
955 2629 1068 2690 dedisse,
1077 2627 1201 2693 siquidem
1213 2627 1348 2692 opponitur
1358 2636 1456 2694 tempus

330 2710 389 2745 rum
410 2697 477 2745 nude
496 2698 604 2763 posituro
625 2706 710 2748 estet
728 2699 821 2765 pendet
839 2714 872 2749 es
915 2697 1088 2766 uespertinum
1097 2704 1123 2746 et
1131 2695 1294 2747 matutinum:
1308 2697 1379 2747 boris
1389 2699 1456 2749 enini

330 2765 416 2816 uerbis
428 2768 552 2816 mascula
565 2768 684 2818 militum
695 2769 797 2832 proles,
812 2769 836 2816 b.
847 2783 871 2820 e.
915 2766 1070 2833 uespertinis
1091 2765 1195 2815 umbrae
1218 2764 1341 2815 orientem
1365 2783 1456 2817 uersus

329 2835 445 2884 mascula
466 2842 493 2884 et
511 2836 631 2886 militaris
658 2837 743 2900 proies
764 2837 873 2888 rusiico-
915 2837 1059 2896 iaciuntur,
1079 2849 1145 2900 quse
1157 2833 1289 2884 matutinis
1301 2835 1326 2882 ic
1340 2836 1457 2885 occiden-

330 2917 393 2953 rum.
446 2953 448 2958 ,
831 2937 837 2946 ,
915 2912 965 2956 tem
980 2904 1093 2953 directae
1106 2909 1190 2953 erant.

376 2971 423 3022 38.
444 2971 557 3022 Sabellos
571 2999 603 3010 -·
617 2973 768 3038 ligonibus.-
781 2972 873 3038 quibus
967 2972 1092 3022 aiu-ts.
1112 2974 1178 3036 iugc
1189 2970 1307 3020 demeret
1319 2972 1400 3020 bobus
1404 2971 1457 3036 sc·

328 3039 425 3090 sobeiii
450 3041 505 3090 siue
528 3041 631 3104 Sabini,
659 3041 739 3091 iortes
763 3041 872 3106 bonique
917 3039 1456 3107 digestis:obuersatisuuiuersusexiio-

329 3108 436 3172 rustici,
464 3109 505 3158 usi
526 3117 594 3159 suut.
626 3110 743 3160 Sabellis
763 3104 873 3162 iocosis
916 3107 1239 3174 neritiiyss.cui-35.

327 3193 370 3242 pro
383 3178 517 3241 κτητικοῦ
529 3178 693 3238 (Sobclticis)
706 3184 755 3228 est.
778 3178 813 3228 De
827 3177 874 3228 Se·
967 3179 1079 3228 43-44,
1096 3180 1215 3226 amioum
1225 3181 1345 3240 tempus.-
1359 3183 1457 3243 tenipus

328 3245 445 3295 binorum
467 3247 613 3311 incorrupta
634 3254 709 3309 gente
728 3247 763 3298 ci.
784 3247 874 3298 Liuius
916 3246 1026 3296 cenandi
1043 3253 1069 3295 et
1082 3244 1274 3310 requiescendi,
1295 3246 1361 3310 quod
1374 3247 1456 3298 surico

328 3311 336 3362 i
352 3314 393 3377 18,
410 3313 540 3376 Vergilius
554 3315 647 3378 Georg.
662 3314 683 3366 it
697 3315 757 3378 532,
772 3315 827 3364 aiii.
916 3317 1001 3364 animo
1014 3313 1101 3364 euenit
1112 3313 1249 3373 agricolae.
1270 3313 1392 3365 Homerus
1405 3315 1456 3366 Lo.

376 3382 493 3432 39-40.
515 3387 735 3434 senscraematru's
752 3383 873 3434 udorbe‘·
916 3381 1065 3440 ἀσπασίως
1088 3377 1113 3431 δ’
1128 3375 1182 3451 ἄρα
1203 3383 1242 3446 τῷ
1260 3378 1361 3433 κατέδυ
1385 3377 1457 3449 φάος

328 3454 430 3502 trium:
447 3446 521 3502 ‘ruire
535 3452 719 3518 simplicitatem
734 3458 760 3502 et
772 3453 872 3518 patien-
915 3446 1025 3515 ἠελίοιο.
1055 3452 1137 3502 Aeuie
1158 3451 1317 3516 componitur·
1338 3455 1456 3501 amicum

327 3520 386 3569 tium
399 3520 424 3570 in
436 3519 573 3572 iuuenibus
582 3537 627 3586 per
636 3521 660 3570 id
672 3521 794 3583 ostendit,
806 3519 872 3586 quod
916 3527 1021 3586 tempus
1032 3535 1114 3585 egens
1127 3527 1203 3584 atque
1216 3519 1329 3569 obeunte
1341 3535 1435 3570 οιιννιι.

328 3588 402 3640 eiiam
417 3595 529 3638 matrum
542 3590 664 3654 potestati
677 3605 704 3638 se
715 3589 870 3654 subicerent,
967 3590 1009 3638 45.
1030 3589 1176 3636 damnoso:
1196 3601 1262 3649 quse
1282 3587 1361 3636 bonos
1373 3602 1456 3638 moces

328 3670 380 3708 curu
391 3658 425 3707 ad
440 3657 574 3708 arbitrium
586 3673 672 3708 earuru
683 3651 870 3724 operarentur’.
914 3657 1002 3706 inuitis
1014 3655 1113 3704 dennis
1126 3654 1223 3703 siiecit.

329 3722 501 3776 Poursrnron.
967 3723 1079 3772 46-48.
1094 3721 1199 3784 Suspice
1209 3735 1291 3770 recena
1301 3721 1455 3770 breuitsteiu

376 3795 502 3844 aiu-si.
523 3798 622 3844 recisos
632 3795 869 3863 pectorosustes:
915 3797 1036 3858 quattuor
1054 3789 1159 3838 saccula
1182 3788 1272 3851 paucis
1291 3788 1378 3837 uerbis
1398 3787 1456 3838 isc-

328 3861 425 3912 reoisos
440 3877 456 3911 u
469 3878 497 3912 se
510 3869 537 3912 et
550 3879 597 3912 uon
611 3862 730 3912 iumentis
744 3863 873 3928 impoueu-
915 3859 1001 3924 gentis
1022 3864 1049 3907 et
1060 3856 1160 3919 singula
1173 3855 1284 3905 dilucide
1297 3855 1453 3906 denotastis.

238 3963 241 3983 i
329 3928 370 3979 dos
389 3931 438 3981 scd
458 3931 512 3982 suis
531 3931 640 3982 humeris
654 3931 753 3981 donnum
771 3938 873 3997 porion·
915 3919 1063 3993 itfeqoiom
1080 3925 1177 3975 minore
1196 3925 1276 3990 pretio
1290 3925 1457 3974 aestimantur

329 3995 380 4048 dos.
741 4056 748 4066 .
915 3990 1122 4064 (φαυλότεροι),
1154 3995 1312 4073 scitiusicres
1340 3993 1456 4059 pluribus

377 4067 408 4118 41
419 4067 505 4116 -42
527 4067 570 4116 sol
581 4067 628 4117 ubi
639 4071 769 4118 montium
784 4073 873 4117 mcta—
915 4065 986 4116 uitiis
999 4070 1134 4128 aegrotant
1146 4064 1358 4132 (πονηροιεροι).
