3884 5525
962 554 1097 654 nousrn

981 823 1079 885 XVII.

636 976 700 1039 lam
716 978 776 1039 iam
794 974 911 1038 efficaci
927 972 965 1035 do
982 986 1093 1035 manus
1110 970 1271 1049 scientiae,
1312 972 1315 978 '

636 1074 767 1165 supplex
783 1092 815 1147 et
830 1066 1000 1161 ororcgna
1016 1100 1071 1159 per
1086 1080 1305 1161 Proserpinae,

636 1214 692 1275 per
706 1200 738 1258 et
754 1195 873 1258 Dianae
888 1211 949 1257 non
967 1196 1119 1255 rnouenda
1139 1196 1279 1270 numina,

636 1325 691 1385 per
706 1313 801 1383 atque
816 1306 913 1367 libros
929 1308 1103 1367 carminum
1119 1306 1290 1367 ualentiam

636 1422 734 1481 redxa
749 1420 836 1480 caelo
851 1418 1005 1479 deuocare
1021 1418 1136 1493 sidera,

638 1528 782 1606 Canidia,
800 1544 893 1605 parce
908 1530 1038 1593 uocibus
1055 1528 1180 1599 tandem
1196 1522 1307 1602 sacris,

539 1683 624 1749 Fingit
643 1700 670 1734 se
684 1682 806 1733 Canidiae
825 1681 958 1733 uenaliciis
975 1689 1130 1747 superatum.
1158 1680 1315 1744 Aiiegoricos
1335 1680 1485 1745 deprecatur
1501 1688 1530 1730 ut
1548 1680 1595 1730 sibi
1695 1746 1697 1751 Ι

471 1754 630 1818 parcatAB.
667 1755 692 1802 A
709 1757 737 1801 tu
749 1753 826 1817 salto
847 1752 912 1811 lde,
938 1752 986 1801 ult
1002 1751 1102 1800 desinit
1121 1750 1217 1815 epodus
1235 1749 1465 1808 sextusdecimus,
1488 1749 1597 1799 huiusce
1703 1786 1706 1793 .

472 1838 567 1871 eternus
580 1821 675 1870 1—52
696 1824 814 1883 omittit,
835 1821 884 1869 sed
894 1820 974 1885 fello
990 1818 1036 1869 118
1058 1821 1176 1868 emittet.
1200 1814 1204 1822 “

472 1892 570 1940 iambus
585 1890 615 1938 H.
652 1890 735 1939 Deest
747 1889 848 1955 epodus
861 1890 931 1937 libro
942 1888 971 1938 S.

543 1959 618 2008 l-2.
642 1957 820 2007 Terentianus
833 1958 947 2007 Maurus
960 1973 987 2005 u.
1003 1956 1069 2004 2270
1081 1972 1110 2021 p.
1125 1955 1202 2005 2433.

472 2026 497 2076 2.
518 2026 608 2091 suplex
620 2028 654 2076 A.

472 2096 522 2144 lixa
536 2096 610 2153 nug.
689 2094 783 2161 sydera
795 2096 828 2145 ll.

507 2240 590 2305 Epod.
618 2232 701 2289 XVii.
733 2238 903 2289 Prooemium.
935 2241 1015 2290 Artes

475 2336 547 2393 tetus,
564 2328 686 2391 Canidia,
709 2330 772 2379 olim
786 2345 802 2378 a
812 2318 856 2378 'me
869 2334 967 2379 temera
979 2333 1017 2381 tr·

474 2423 544 2469 risca
549 2419 705 2484 plurimum
713 2419 807 2467 ualere
815 2422 871 2483 lpse
880 2422 907 2467 in
918 2434 960 2467 me
969 2434 1017 2467 erc-

472 2508 675 2574 pertussateor
687 2524 720 2557 cc
730 2508 891 2573 suppliciter
904 2524 966 2568 oro,
986 2506 1027 2557 ut‘

474 2598 584 2649 tandem
596 2599 784 2681 midtpcrcos.
805 2597 883 2662 Quod
894 2614 946 2662 quo
960 2612 1018 2647 ma·

472 2688 636 2755 glasteiae,
657 2702 705 2752 ego
720 2687 866 2737 maledicta
878 2702 935 2736 mea
949 2690 977 2736 in
992 2692 1018 2737 te

475 2783 548 2829 tacta
554 2779 636 2843 salso
642 2777 735 2842 fuera
749 2783 846 2830 testor.

524 2863 578 2920 ‘Tu
596 2867 656 2917 noll
672 2883 786 2933 sperare
798 2869 885 2930 finem
905 2870 1017 2920 ulutate

476 2973 566 3011 mena:
596 2960 680 3007 tmnto
703 2961 762 3007 stne
783 2958 844 3019 fine
868 2962 894 3007 te
916 2971 1019 3007 nexare

472 3061 599 3113 pergam,
613 3049 647 3096 ut
658 3049 772 3112 instante
786 3053 833 3097 tua
843 3050 872 3097 tn
884 3063 926 3096 me
938 3047 1020 3096 licen·

476 3141 515 3186 ltu
529 3139 619 3185 iustus
629 3148 732 3214 poenas
745 3129 823 3187 luut’.
839 3135 961 3201 (Metram
974 3137 1001 3200 d)

529 3263 562 3312 Vt
576 3263 707 3312 Canidiam
724 3265 830 3328 Albucii¹
844 3267 923 3316 filiam
941 3281 1020 3315 uene-

477 3332 517 3382 nis
538 3339 697 3392 grassantem
718 3340 744 3382 et
757 3332 824 3382 Varo
844 3335 935 3383 Alieno
957 3335 1020 3384 insi-

477 3401 588 3449 diantem
602 3399 627 3447 in
641 3400 729 3463 quinto
742 3401 820 3466 epodo
838 3403 968 3468 produxit,
982 3405 1020 3454 ita

478 3484 543 3519 nune
562 3468 660 3518 similes
678 3469 746 3518 iocos
765 3470 802 3520 sic
820 3471 980 3522 continuarit
993 3479 1021 3522 ut

478 3554 506 3588 se
520 3538 601 3602 ipsum
613 3538 713 3602 poculis
723 3545 749 3588 et
758 3539 937 3589 deuotionibus
947 3541 1020 3591 iliius

478 3608 598 3656 domitum
618 3622 676 3656 esso
689 3607 840 3658 confiteatur
852 3609 1020 3674 callidamque

479 3675 617 3726 ueneficam
630 3683 718 3739 roget,
740 3685 768 3726 ut
787 3679 888 3728 tandem
902 3680 950 3728 sibi
963 3694 1022 3744 par-

479 3760 537 3794 cere
557 3745 632 3795 uelit.
659 3745 706 3795 iiia
725 3746 808 3795 animo
828 3748 962 3797 cbiirmato
981 3763 1021 3798 re-

478 3814 585 3878 spondet
597 3815 706 3864 maiores
719 3829 775 3863 esse
788 3815 886 3864 Horatii
903 3816 928 3866 in
942 3832 969 3866 se
983 3816 1022 3864 in—

1288 1818 1315 1867 in
1329 1816 1462 1867 Canidiam
1483 1816 1597 1867 trimeter

1311 1955 1333 2003 l.
1355 1953 1504 2003 efficacieaci
1517 1954 1551 2004 A.

780 2028 805 2075 5.
826 2024 1163 2090 ueaxauggfflunuuap
1184 2028 1382 2073 nomenculator
1396 2023 1525 2087 Crnquil:
1551 2022 1599 2073 De·
1628 2016 1632 2027 ’

1059 2239 1139 2289 sentis
1154 2238 1273 2303 temporis
1286 2236 1436 2301 particulam
1453 2238 1511 2291 dum
1529 2253 1600 2303 repe-

1059 2308 1106 2369 tit,
1129 2306 1204 2357 simui
1216 2306 1278 2355 iliud
1293 2312 1390 2369 tempus
1404 2306 1531 2371 respexit,
1552 2322 1601 2371 qno

1060 2376 1206 2425 increduius
1226 2380 1269 2422 nut
1287 2374 1411 2438 superbus
1429 2374 1601 2425 aereticorum

1060 2451 1130 2495 artes
1155 2449 1352 2509 contempserat.
1428 2443 1462 2492 dc
1487 2458 1599 2493 ananus:

1059 2507 1160 2579 pr‘opric
1173 2526 1262 2561 manus
1275 2510 1337 2560 dant
1349 2510 1411 2560 uicti
1425 2518 1451 2561 et
1463 2512 1541 2577 capti3
1557 2512 1602 2561 ubi

1060 2582 1153 2631 uinciri
1167 2596 1194 2631 se
1206 2580 1347 2646 patiuntur.
1437 2599 1443 2614 ·

1112 2650 1137 2699 2.
1154 2650 1323 2713 supplem-et:
1338 2648 1371 2697 ci.
1387 2648 1418 2697 ad
1434 2646 1512 2712 Epod.
1528 2648 1543 2697 9
1559 2649 1600 2698 13.

1113 2718 1138 2768 3.
1170 2718 1274 2768 Dianae
1297 2732 1350 2767 nnn
1374 2717 1507 2768 annuenda
1529 2711 1603 2782 (ἀκί-

1061 2787 1142 2852 νητα)
1167 2790 1297 2838 numina.-
1330 2803 1378 2836 non
1407 2787 1532 2836 mouenda
1563 2795 1605 2836 est

1061 2857 1159 2919 Diana,
1180 2857 1240 2920 quia
1258 2855 1372 2919 grauiter
1390 2855 1513 2906 irascitur
1525 2863 1551 2906 et
1563 2856 1619 2932 ¹¹¹3

1061 2926 1176 2975 eiseitur.
1193 2925 1268 2974 ilinc
1287 2923 1421 2974 iracunda
1440 2925 1531 2974 Diona
1550 2923 1602 2973 ΑΡ.

1061 2995 1123 3044 454.
1144 2993 1263 3043 Mouetur
1281 2993 1329 3042 dca
1350 3007 1415 3058 quae
1435 2992 1464 3042 de
1486 2993 1541 3042 loco
1561 2993 1606 3042 uei

1062 3071 1131 3112 statu
1148 3078 1193 3112 sno
1213 3061 1338 3124 deicitur,
1358 3059 1392 3110 ci.
1413 3059 1499 3112 Carm.
1514 3061 1549 3110 lli
1570 3061 1605 3110 211

1063 3131 1086 3180 1.
1110 3131 1231 3182 Numina
1249 3145 1294 3196 pro
1314 3145 1343 3180 eo
1364 3130 1430 3194 quod
1450 3137 1489 3179 est
1506 3145 1605 3180 oramen

1061 3200 1143 3264 poetis
1159 3199 1229 3248 iicet.

1115 3269 1139 3316 5.
1160 3269 1265 3330 refice.-
1285 3272 1416 3332 postquam
1430 3266 1522 3328 reiixa,
1537 3266 1563 3314 b.
1578 3282 1606 3316 e.

1062 3335 1148 3385 soluta
1161 3337 1203 3386 uei
1216 3336 1319 3400 derepta
1333 3342 1408 3396 sunt3
1429 3351 1489 3384 usus
1504 3335 1608 3385 dicendi

1062 3411 1102 3454 est
1121 3404 1293 3470 prolepticus:
1321 3419 1376 3452 nam
1395 3403 1542 3454 deuocaodo
1565 3419 1609 3453 re-

1064 3473 1176 3537 figuntur
1189 3472 1283 3522 sidera.
1310 3471 1432 3538 defigere
1445 3473 1549 3536 perinde
1562 3489 1610 3538 po·

1064 3542 1139 3592 situm
1153 3539 1210 3606 dpt.
1227 3541 1235 3590 l
1252 3539 1282 3590 18
1296 3541 1345 3595 56ι
1361 3544 1409 3606 qul
1420 3541 1526 3606 templis
1537 3541 1609 3590 Pcr-

1064 3612 1174 3660 thorum
1193 3613 1270 3673 stgnc
1288 3611 1389 3674 refigit.
1411 3607 1451 3658 Ci.
1470 3609 1502 3658 ad
1521 3608 1607 3674 Epod.

1065 3679 1094 3728 11
1122 3677 1164 3728 28.
1194 3677 1220 3726 ln
1245 3677 1387 3726 blandiniis
1412 3680 1500 3740 reptatu
1526 3679 1609 3728 luisse

1063 3747 1197 3797 annotatio
1229 3747 1435 3796 commentatoris
1465 3745 1609 3810 Crnquiani

1064 3817 1123 3866 inde
1134 3822 1230 3880 sumpta
1245 3815 1332 3864 docet:
1345 3811 1462 3876 ‘rafiam
1477 3816 1606 3873 detracta,
1688 3864 1692 3869 ,

1690 1623 1706 1689 d

479 3882 561 3932 iurias
573 3898 647 3947 quarn
661 3881 752 3947 quibus
765 3883 862 3945 ignosci
881 3887 976 3950 possit,
996 3891 1022 3934 et
1065 3885 1169 3947 euulsa,
1191 3891 1218 3933 ut
1229 3885 1333 3934 Danais
1346 3885 1378 3933 de
1387 3888 1467 3948 posta
1479 3877 1606 3944 reduum’
1699 3887 1705 3898 “

480 3951 648 4016 inplacabiles
661 3952 713 4000 iras
726 3951 870 4002 denuntiat.
1065 3951 1152 4016 (Verg.
1169 3952 1233 4002 Aen.
1249 3951 1270 4002 V
1284 3952 1355 4014 360).
1375 3953 1463 4000 Altera
1477 3952 1607 4016 scriptura

494 4070 498 4078 ,
533 4017 628 4068 Versus
640 4019 665 4067 in
680 4019 726 4068 boc
739 4020 852 4071 carmine
870 4020 1024 4086 quinquage-
1066 4023 1158 4084 deditae
1180 4020 1251 4072 ualet
1267 4022 1393 4082 firnriter
1409 4022 1477 4082 fica
1496 4027 1522 4069 et
1544 4035 1607 4068 con-

480 4088 559 4138 simns
573 4094 679 4136 octauus
699 4103 754 4138 cum
773 4089 897 4154 respiciat
914 4091 1022 4140 satiram
1063 4090 1171 4140 tranium
1185 4096 1269 4152 urget,
1288 4089 1413 4138 deuocare
1430 4089 1495 4153 quod
1507 4087 1611 4138 firmum

482 4163 598 4205 octauam
622 4155 683 4204 libri
707 4156 809 4220 primi,
827 4158 892 4206 hunc
915 4160 1023 4223 spadum
1065 4167 1113 4210 est.

481 4231 538 4290 post
557 4222 651 4272 iactum
671 4238 728 4274 esse
752 4225 843 4290 liquet.
872 4225 920 4276 illa
941 4228 1023 4277 satira
1117 4228 1142 4276 d.
1163 4227 1273 4276 uocibus
1290 4253 1325 4263 -
1341 4228 1444 4275 sacris:
1464 4223 1554 4290 quibus
1568 4224 1615 4275 dis

481 4293 550 4341 circa
563 4307 655 4340 annum
668 4293 717 4341 722
731 4309 786 4343 cum
800 4295 871 4344 edita
882 4296 924 4356 sit,
936 4305 967 4346 ut
980 4306 1024 4346 sno
1066 4295 1157 4344 inieris
1180 4311 1254 4344 sacer
1274 4294 1303 4343 iit
1324 4294 1361 4354 is,
1385 4294 1510 4344 aduersus
1535 4308 1617 4358 quem

395 4425 401 4432 ἱ
481 4361 538 4410 ioco
552 4361 751 4411 demonstratum
764 4370 812 4424 est,
835 4364 900 4412 bunc
914 4364 1024 4412 iambum
1066 4363 1189 4413 eiusmodi
1202 4378 1278 4412 uoces
1291 4363 1443 4426 diriguntur.
1457 4361 1618 4426 Exemplum

482 4444 548 4478 anno
571 4431 685 4493 proximo
708 4430 894 4493 assignabimus
915 4431 977 4494 (723
994 4452 1020 4475 =
1067 4431 1197 4496 estEpod.
1213 4433 1227 4480 5
1242 4431 1361 4494 51-do;
1376 4431 1410 4480 cl.
1423 4431 1618 4498 aiterumidyi·

483 4497 539 4560 31).
554 4497 615 4546 Post
628 4499 692 4547 bunc
705 4499 811 4563 epodum
824 4500 949 4548 successit
961 4499 1022 4549 libri
1067 4501 1126 4552 lium
1141 4499 1283 4562 Theocriti,
1298 4507 1416 4549 octauum
1429 4497 1549 4562 Vergilii.

427 4584 429 4588 ⁴
482 4567 555 4629 primi
569 4580 669 4614 carmen
684 4575 783 4615 sextum
797 4567 930 4615 decimum.
1118 4569 1141 4615 7.
1170 4564 1323 4617 turbinem!
1347 4575 1449 4632 praeter
1467 4583 1546 4636 uoces
1568 4582 1617 4616 sa-

537 4634 560 4681 i.
584 4634 639 4682 eam
658 4637 714 4683 tam
733 4661 766 4671 —
783 4639 929 4685 scientiae:
948 4651 1024 4701 prae·
1067 4651 1124 4686 cras
1143 4629 1247 4706 ῥόμβον
1263 4637 1318 4686 siue
1336 4639 1461 4700 magicum
1480 4632 1616 4686 turbinem
