3884 5525
527 674 589 727 XV.
606 674 651 727 ult
665 672 800 727 nouauit
812 673 984 727 Puuuarts
996 674 1072 726 lll'l'll
1086 672 1324 727 uxrulcauuts
1429 681 1492 721 xcv

360 828 441 892 ribus
457 826 596 892 obstricti
612 829 710 892 lenem
725 827 874 891 bominem
890 839 922 891 et
935 829 1156 893 inconstantem
1172 826 1266 893 fuisse
1280 827 1489 907 criminantur,

361 936 409 1017 qui
433 936 539 998 codem
561 935 703 1017 temporis
726 945 876 997 momento
899 955 958 1017 quo
978 954 1088 998 uersus
1110 935 1231 1012 lecerit,
1256 954 1289 999 se
1311 956 1372 997 non
1393 936 1491 999 lacere

360 1042 441 1105 uelle
463 1043 618 1124 professus
633 1040 684 1102 sit.
716 1040 752 1103 lll
768 1061 853 1103 suam
873 1040 1076 1123 ignorantiam
1099 1042 1195 1126 potius
1211 1040 1390 1105 incusabant
1404 1062 1491 1124 quam

360 1146 459 1210 uirum
474 1145 737 1230 incomparabilem
752 1145 874 1210 iniustis
888 1147 1059 1209 criminibus
1075 1168 1202 1211 onerare
1218 1157 1354 1229 pergant.

354 1329 356 1334 Ι
448 1254 481 1317 ln
496 1252 599 1319 satiris
616 1262 646 1314 et
660 1252 797 1335 epistulis
820 1250 910 1315 aliter
923 1272 974 1315 res
990 1272 1023 1316 se
1047 1252 1145 1317 babet.
1178 1253 1210 1315 lo
1228 1252 1273 1315 bis
1289 1251 1429 1317 uitiorum
1445 1252 1491 1315 in-

361 1368 516 1435 sectator,
540 1358 660 1423 uirtutis
682 1369 714 1423 et
727 1357 815 1421 ollicii
829 1357 936 1421 doctor
949 1380 1005 1421 suo
1021 1379 1143 1423 munere
1160 1359 1308 1441 iungitur,
1332 1358 1381 1423 uia
1398 1370 1428 1421 et
1443 1380 1492 1421 ra·

326 1461 333 1473 ’
362 1465 444 1529 boue
459 1464 675 1528 saluberrimas
691 1464 909 1548 disputationes
923 1465 1064 1529 instituit.
1098 1464 1201 1547 ltaque
1217 1465 1252 1527 ad
1269 1464 1322 1527 bas
1338 1465 1492 1549 explican-

246 1585 250 1594 ‘
363 1571 417 1633 dns
434 1570 707 1654 circumspiciamus
723 1570 792 1653 quid
815 1572 906 1634 luerit
925 1572 1066 1635 uitiosum
1083 1581 1114 1633 et
1129 1571 1333 1633 medicandum
1354 1571 1385 1633 in
1401 1572 1491 1635 mori·

361 1678 419 1740 bos
435 1677 546 1740 ciuium
561 1677 779 1752 Romanorum,
803 1676 834 1739 iu
850 1676 930 1739 uotis
953 1677 1116 1761 potentium
1140 1688 1171 1740 et
1186 1676 1327 1740 nobilium
1344 1678 1490 1754 uirorum,

363 1783 434 1865 quid
447 1779 583 1865 'pradum
607 1783 639 1845 io
661 1782 770 1845 studiis
792 1792 963 1865 poetarum,
990 1786 1058 1867 quid
1074 1782 1309 1867 reprehensione
1325 1784 1446 1866 dignum
1462 1784 1493 1847 in

363 1888 530 1973 sapientiae
545 1888 777 1971 professoribus.
808 1888 943 1952 Virtutis·
953 1890 1031 1951 eninr
1048 1889 1170 1955 satelles
1193 1889 1333 1953 luxuriae
1348 1900 1379 1953 et
1393 1891 1493 1953 auari-

362 1997 424 2059 tiae
440 1995 514 2057 uitia
530 1995 589 2057 late
604 1994 667 2057 suis
684 1973 865 2077 temporibus
881 1995 1092 2074 disseminata,
1115 1996 1237 2061 nimiam
1252 1996 1367 2081 gloriae
1381 1996 1494 2080 cupidi-

363 2123 433 2165 nem
454 2112 487 2164 et
501 2101 641 2165 miseram
661 2099 786 2163 bonoris
802 2101 1011 2178 ambitionem,
1036 2102 1126 2165 etiam
1148 2102 1364 2186 impudicorum
1381 2103 1494 2187 flagitia

363 2209 458 2271 multa
472 2207 614 2271 libertate
629 2207 758 2269 notauit.
781 2208 858 2271 'lum
873 2208 905 2269 in
920 2208 1105 2291 pbilosophis
1120 2220 1233 2273 sectam
1250 2219 1280 2271 et
1294 2208 1403 2293 placita
1416 2209 1494 2273 Stoi-

364 2335 468 2376 corum
496 2312 691 2397 probantibus
717 2313 874 2395 superbiae
900 2315 1061 2377 uanitatem
1089 2324 1118 2375 et
1148 2314 1276 2377 iniustae
1304 2318 1494 2399 arrogantiae

364 2420 538 2493 molimina,
563 2418 594 2481 iu
610 2418 765 2502 Epicureis
786 2418 941 2502 inprobam
964 2429 996 2480 et
1010 2419 1164 2481 ridendam
1181 2420 1279 2483 mollis
1300 2432 1331 2484 et
1346 2422 1494 2485 iucundae

365 2527 446 2590 uitae
462 2525 651 2609 cupiditatem
667 2524 775 2588 acerbo
790 2525 853 2587 sale
876 2524 1042 2607 perfricuit.
1073 2524 1147 2585 Mox
1169 2524 1200 2585 iu
1222 2524 1357 2607 epistulis
1373 2526 1493 2591 uirtutis

365 2632 517 2716 praemia,
543 2632 623 2694 uitae
637 2630 742 2709 beatae
757 2632 976 2705 conditionem,
1003 2641 1156 2713 poetarum
1174 2630 1265 2693 officia
1282 2631 1366 2695 uarie
1381 2632 1494 2715 siguili·

367 2738 465 2817 cauit,
488 2737 598 2821 quain
619 2758 652 2801 re
674 2748 705 2800 et
726 2757 828 2800 mores
850 2736 960 2800 ciuium
982 2737 1180 2799 Romanorum
1204 2746 1234 2797 et
1257 2736 1354 2800 studia
1376 2758 1492 2817 eorum,

367 2847 404 2909 ad
427 2866 501 2927 qnos
523 2845 672 2928 epistulas
689 2843 788 2919 misit,
817 2843 902 2906 iuxta
925 2844 1072 2926 respexit.
1108 2843 1210 2925 ltaque
1232 2843 1289 2906 duo
1312 2843 1495 2934 euudeanda
1542 2902 1544 2910 ,

367 2961 448 3029 sunt,
463 2951 590 3034 primum
606 2972 663 3034 qua
679 2951 796 3013 ratione
812 2950 847 3012 ad
863 2959 1039 3032 argumenta
1053 2969 1107 3012 sua
1120 2950 1261 3012 deductus
1277 2948 1328 3026 sit,
1344 2959 1405 3012 tum
1422 2971 1495 3032 quo-

367 3059 454 3120 modo
470 3057 625 3120 materiam
640 3056 698 3120 sibi
718 3056 863 3119 delectam
880 3056 1111 3140 pertractauerit
1132 3065 1163 3118 et
1179 3055 1294 3120 ciuibus
1315 3055 1377 3119 suis
1393 3057 1494 3120 utilem

367 3163 541 3229 reddiderit.

453 3269 538 3333 Hauc
552 3269 769 3352 interpretandi
791 3268 869 3331 uiam
892 3269 924 3331 iu
939 3280 1067 3352 utroque
1082 3289 1204 3352 operum
1221 3289 1332 3353 genere
1348 3255 1397 3353 qdi
1413 3278 1495 3332 recte

369 3377 576 3458 persequitur,
607 3376 693 3438 lacile
713 3385 744 3440 et
764 3374 875 3458 liquido
901 3373 1087 3438 intellexerit
1107 3396 1200 3438 uanas
1224 3395 1292 3440 esse
1315 3376 1495 3459 suspitioues

367 3467 436 3545 illas
456 3483 703 3566 interpolatorem
726 3481 757 3543 io
779 3479 895 3544 Horatii
912 3480 1063 3567 poematis
1084 3480 1282 3545 odorantium.
1315 3481 1387 3546 Tam
1410 3481 1442 3544 in
1462 3499 1496 3544 se
1573 3497 1579 3512 ‘

368 3588 433 3671 ipso
448 3600 528 3652 totus
545 3599 593 3652 est
609 3587 750 3650 lloratius
765 3587 832 3665 uel,
859 3596 890 3648 ut
912 3585 978 3668 ipse
1000 3585 1149 3667 loquitur,
1174 3597 1258 3650 teres
1274 3609 1312 3651 nc
1327 3587 1493 3661 rotundas,
1585 3653 1592 3674 ι

367 3705 400 3756 ιιι
414 3695 607 3778 interpolanti
622 3715 741 3756 omnem
756 3691 862 3754 rimam
878 3691 1057 3766 occluserit,
1082 3700 1142 3752 tam
1160 3694 1277 3775 proprie
1293 3691 1440 3776 loquitur,
1464 3673 1497 3754 ub

369 3799 446 3864 idem
468 3800 563 3883 siquis
585 3821 678 3864 ausus
694 3810 793 3877 esset,
820 3797 944 3860 multum
967 3797 1106 3859 sudasset
1128 3798 1295 3880 frustraque
1317 3798 1495 3875 laborasset,

370 3916 403 3970 ut
418 3918 567 3989 umquam
584 3905 734 3968 cornicula
750 3906 845 3970 risum
860 3903 1034 3987 aequalibus
1050 3902 1195 3966 mouisset
1211 3903 1293 3968 lalsis
1310 3903 1373 3966 suis
1389 3904 1497 3967 colori·

369 4014 424 4077 bus
439 4035 457 4077 a
474 4014 556 4077 ueris
572 4013 662 4095 longe
678 4011 927 4094 discrepantibus.

454 4117 502 4181 Ad
523 4120 651 4181 formam
672 4116 878 4180 commentarii
899 4116 959 4178 urci
980 4114 1056 4198 quod
1072 4115 1195 4192 attinet,
1219 4136 1310 4178 uuum
1326 4116 1498 4179 multarum

370 4225 525 4310 diligentia
548 4235 670 4287 secutus
693 4245 776 4301 sum,
808 4223 834 4286 si
857 4223 945 4284 modo
968 4221 1110 4302 consequi
1134 4231 1280 4303 potuero,
1311 4231 1345 4284 ut
1367 4220 1498 4284 difficiles
1600 4290 1609 4301 ,

369 4331 564 4414 maestiores
585 4351 646 4392 nou
665 4329 782 4412 quidem
803 4328 875 4391 mibi
894 4328 947 4390 sed
969 4325 1131 4390 lectoribus
1152 4326 1308 4390 facillimas
1329 4327 1497 4390 redderem.

370 4438 527 4502 Libentius
550 4457 638 4500 rarae
661 4445 693 4496 et
706 4435 880 4498 reconditae
903 4433 1055 4496 doctrinae
1076 4433 1206 4517 speciem
1222 4453 1336 4496 exuere
1352 4443 1383 4495 et
1399 4431 1500 4494 uariae

261 4543 266 4551 '
371 4543 515 4608 scientiae
529 4542 656 4626 gloriam
671 4541 789 4605 abicere
806 4540 888 4603 uolui
903 4561 991 4623 quarn
1005 4541 1125 4604 trabere
1141 4539 1289 4622 legentem
1305 4551 1359 4619 per
1367 4535 1500 4598 salebras

372 4659 402 4711 et
416 4651 533 4725 lassas,
559 4669 650 4732 agere
666 4669 720 4731 per
735 4648 836 4730 spinas
854 4657 884 4709 et
899 4648 1039 4710 traduces
1055 4647 1162 4730 longae
1183 4640 1406 4725 disputationis:
1432 4663 1500 4704 nam
1539 4637 1543 4654 ’
