3884 5525
983 606 1118 658 horarii

694 780 795 841 uisam
813 774 980 839 Britannos
995 776 1171 851 hospitibus
1189 776 1273 839 tems

694 894 725 951 et
740 890 857 951 laetum
873 889 987 963 equino
1003 888 1158 963 sanguine
1173 882 1370 962 Concanum,

693 1000 793 1063 uisam
811 1000 1008 1075 pharetratos
1024 994 1161 1088 Gelonos
1290 1060 1296 1073 ε
1370 983 1379 996 ’

693 1115 726 1173 et
742 1106 925 1187 Scythicum
942 1108 1112 1171 inuiolatus
1128 1123 1261 1169 amnem.
1319 1176 1321 1181 ,

693 1278 751 1327 uos
768 1260 937 1326 Caesarem
953 1262 1063 1338 altum,
1081 1262 1192 1322 militia
1208 1261 1302 1322 simul

694 1376 796 1435 fessas
813 1375 955 1435 cohortes
972 1372 1089 1433 abdidit
1103 1372 1236 1448 oppidis,

694 1487 783 1547 linire
800 1488 1002 1561 quaerentem
1016 1483 1139 1543 labores

484 1609 517 1659 ao
692 1594 797 1659 Pierio
813 1596 964 1657 recreatis
980 1598 1082 1655 antro.

554 1750 596 1800 33.
617 1749 761 1800 brittannos
774 1751 807 1801 Β.

485 1820 528 1870 36.
549 1819 680 1869 scithicum
693 1820 751 1869 BH.

911 1748 955 1798 34.
976 1748 1083 1813 equinos
1099 1763 1135 1812 pr
1147 1748 1181 1799 B.

853 1818 896 1868 37.
917 1832 1033 1881 eesarem
1045 1817 1127 1867 BGH.
1199 1817 1296 1867 milicia
1310 1818 1367 1869 BH.
1440 1819 1482 1867 38.
1497 1819 1613 1868 annones

1287 1727 1330 1798 3'5.
1351 1747 1489 1798 faretratos
1502 1749 1533 1799 B.

484 1890 518 1938 H.
585 1888 685 1937 abdidit
700 1887 816 1953 GHng
833 1888 885 1937 deo
898 1886 1053 1936 Blandiaii:
1073 1886 1187 1935 reddidit
1200 1902 1217 1946 ς
1234 1902 1305 1936 unus
1317 1886 1496 1945 Blandenone,
1515 1887 1614 1936 addidit

484 1958 561 2015 ΑΒς.
634 1954 715 2020 opidis
732 1956 762 2005 G.

483 2026 527 2074 40.
548 2024 640 2091 Pyerio
656 2023 687 2074 G.

482 2176 557 2227 Litus
581 2176 715 2243 Assyrium
745 2176 810 2226 dixit
833 2176 905 2240 regui
929 2176 1044 2240 ueteris⁴

482 2245 594 2311 Assyrii,
609 2246 674 2311 quod
689 2246 719 2295 ad
734 2246 815 2295 sinum
829 2244 956 2295 Persicum
968 2260 1027 2311 por·-

484 2315 624 2377 rigebatur.
673 2310 808 2377 ‘urentes,
836 2314 968 2367 calentes:
1000 2314 1025 2363 in

482 2383 590 2449 Assyria
604 2382 669 2433 enim
683 2384 786 2447 regiona
801 2382 935 2433 Persarum
949 2382 1027 2432 nebe-

483 2452 593 2501 mentior
605 2459 645 2501 est
658 2452 705 2515 sol,
723 2452 767 2501 ubi
780 2459 806 2501 et
818 2452 953 2511 Antonius,
968 2451 1026 2501 dnm

483 2521 515 2570 ad
536 2520 696 2585 Cleopatram
721 2521 777 2570 uult
802 2520 912 2579 reuerti,
939 2520 1026 2569 morbo

483 2590 625 2639 exereitum
651 2584 778 2654 perdidit'.
803 2590 901 2639 Aenos.
935 2587 1026 2655 Syriae

482 2658 545 2708 litus
564 2674 612 2707 non
632 2658 770 2721 cogitauit:
793 2673 850 2707 nam
868 2658 894 2707 in
914 2648 943 2707 ed
964 2656 1027 2706 nihil

481 2726 522 2776 uel
536 2727 638 2793 paulum
652 2727 759 2794 perieoli
772 2727 838 2776 adiri
853 2726 943 2793 potuit.

534 2811 577 2861 33.
607 2813 909 2878 Britannos-seros:
936 2829 960 2863 n.
976 2811 1027 2861 Ta-

482 2880 750 2932 eit.Anu.Xll1130.
773 2880 865 2930 Strabo
879 2877 922 2930 llll
936 2881 950 2930 5
965 2879 979 2945 ξ
993 2880 1023 2929 2:

482 2943 516 2998 τὰ
536 2943 564 2998 d’
580 2940 634 3030 ἤθη
656 2945 758 3017 τὰμὲν
775 2943 858 3018 ὅμοια
877 2953 933 3006 τοῖς
952 2949 1026 2998 Κελ-

482 3020 546 3075 τοῖς,
567 3034 601 3066 τα
615 3012 643 3066 d'
659 3011 836 3085 ἁπλούστερα
856 3018 903 3067 καὶ
920 3021 1026 3083 βαρβα-

481 3079 598 3154 ρώτερα.
615 3085 752 3135 Hiberniae
766 3087 863 3136 incolas
876 3081 1026 3152 ἀνθρωπο-

480 3156 587 3218 φαγίας
599 3154 703 3204 erimine
718 3155 830 3204 famosos
847 3163 918 3204 notat
931 3153 1024 3203 Strabo

480 3222 498 3270 l.
513 3222 603 3283 e.§4.
659 3267 662 3273 ,

503 3305 505 3308 ·
532 3289 575 3338 34.
601 3289 748 3336 laetttm-
764 3289 937 3339 Concanum:
959 3291 1025 3341 Con·

480 3359 544 3406 euni
561 3357 630 3405 natio
651 3356 848 3406 Cantabrorum.
874 3357 967 3407 Strabo
989 3359 1023 3408 lll

479 3425 566 3489 3§8,
587 3425 630 3474 ubi
649 3428 801 3492 Κωγκανοί
817 3441 861 3492 pro
880 3429 1025 3480 Κωνιακοί

481 3494 618 3559 reponendi
631 3501 699 3544 sunt.
716 3489 841 3544 ‘Concani
855 3511 917 3559 gens
932 3495 1025 3562 llispa-

480 3563 536 3613 niae
562 3556 730 3612 dicebantur'.
756 3564 853 3614 Aenon.
886 3563 964 3614 Silius
990 3564 1023 3614 ΙΙΙ

480 3633 544 3681 36οε
561 3647 608 3681 nee
622 3635 670 3696 qai
682 3632 852 3698 Massageten
865 3639 1023 3683 monstrans

472 3703 591 3766 feritate
614 3707 754 3765 parentem
783 3701 935 3768 cornipedis
953 3704 1023 3768 fara

478 3773 602 3833 satiaris,
619 3769 750 3833 Cernere,
765 3787 844 3820 aene.

531 3855 573 3904 35.
592 3856 774 3920 pharetratos
790 3856 922 3906 Gelonos:
942 3855 1023 3918 sagit-

478 3923 511 3972 tis
525 3925 638 3973 ndnenas
651 3939 739 3974 arcere
754 3924 851 3973 solitos.
867 3923 943 3986 Verg.
957 3926 1020 3974 Aen.

477 3991 534 4040 Vlll
552 3992 616 4042 725:
639 3993 680 4042 hio
694 3992 805 4057 Leleges
821 3994 962 4056 Carasque
980 4009 1023 4042 sa-

475 4063 671 4124 gittiferosque
685 4061 933 4123 Gelonosfinmerat
945 4059 1023 4125 (uur-

477 4128 569 4192 oiber).
590 4128 665 4178 Coni.
681 4130 711 4178 ed
726 4129 747 4180 ll
761 4130 917 4179 2018-19.

528 4212 572 4262 36.
600 4212 760 4276 Scythicum
779 4240 812 4251 -·
831 4230 952 4264 amnem:
972 4211 1023 4262 Ta-

477 4281 559 4343 naim;
581 4281 616 4331 ef.
632 4280 767 4346 1112928,
787 4282 831 4332 llll
848 4284 879 4334 15
893 4282 935 4330 24.

529 4366 654 4416 37-40,
682 4367 765 4416 littam
787 4364 1021 4416 CaesarOetaula-

476 4451 523 4484 nus
531 4473 539 4498 ‚
561 4434 603 4500 qui
622 4435 692 4500 pacis
709 4444 778 4485 artes
792 4435 923 4500 sapienter
934 4433 1021 4497 seqni-

476 4511 531 4562 tur,
554 4502 682 4552 Musarum
702 4503 815 4552 fauorem
829 4501 971 4566 experitur.
992 4500 1019 4549 ln

476 4572 522 4620 boe
542 4571 650 4620 alterum
670 4578 727 4636 post
747 4587 773 4619 se
794 4577 820 4619 et
838 4570 920 4620 maius
933 4585 1020 4620 erem-

475 4641 542 4704 plnru
556 4640 696 4704 sapientiae
711 4639 850 4706 proposuit.

869 1972 896 2005 a.
912 1954 1025 2004 39-52.
1046 1954 1139 2005 desunt
1150 1955 1184 2005 A.

1290 1955 1334 2006 39.
1353 1963 1500 2019 querentem
1516 1955 1572 2005 GH.

1122 2176 1165 2227 37.
1190 2192 1241 2227 uos
1255 2178 1397 2229 Caesarem
1416 2176 1519 2226 atroam.-
1539 2176 1613 2226 altus
1708 2169 1710 2172 ’
1736 2237 1737 2248 ¹

1070 2252 1110 2364 {est
1128 2246 1154 2294 in
1173 2246 1252 2295 altum
1275 2244 1406 2311 potentiue
1428 2246 1534 2309 gradum
1556 2246 1614 2294 sub-

1080 2322 1147 2364 atus.

1121 2399 1234 2449 37-38.
1257 2400 1360 2449 militia
1371 2398 1506 2463 -sesses
1519 2399 1614 2448 eohor-

1071 2473 1125 2517 tes:
1143 2475 1184 2517 est
1202 2467 1295 2517 militia
1310 2467 1334 2516 in
1349 2468 1407 2517 sinu
1419 2467 1524 2517 Aeliaen
1538 2467 1613 2531 (723)

1070 2543 1096 2585 et
1108 2536 1222 2603 Aegypto
1236 2536 1310 2600 (724)
1324 2537 1437 2601 Asiaque
1454 2536 1543 2599 (724-
1553 2537 1613 2596 725)

1071 2605 1184 2655 Caesare
1197 2606 1260 2655 duee
1273 2605 1395 2655 tolerata.

1123 2691 1166 2741 38.
1201 2691 1310 2741 abdidit
1331 2691 1453 2757 oppidis:
1485 2689 1615 2738 abduntur

1069 2759 1204 2824 cobortes,
1229 2776 1285 2810 enm
1305 2777 1337 2810 ex
1355 2775 1444 2826 eampo
1464 2767 1490 2810 et
1508 2758 1614 2824 puluere

1070 2829 1223 2894 proeliorum
1241 2829 1267 2878 in
1287 2829 1423 2894 municipia
1448 2835 1474 2878 et
1498 2827 1614 2877 colonias

1069 2896 1112 2962 (=
1123 2898 1227 2962 oppida)
1245 2897 1395 2961 mittuntur3
1415 2897 1522 2947 obdidit
1538 2913 1614 2962 prae·

1069 2967 1117 3016 tuli
1131 2966 1207 3015 alteri
1220 2967 1364 3031 scripturae
1376 2966 1517 3029 (reddidit,
1533 2967 1615 3016 addi-

1068 3034 1122 3097 dit)
1141 3036 1248 3100 primum
1266 3043 1349 3084 motus
1372 3035 1526 3085 auctoritate
1551 3035 1614 3084 duo-

1068 3118 1122 3152 rum
1136 3104 1250 3152 eodieum
1266 3104 1466 3166 Blandiniorum,
1481 3104 1613 3169 inquibus

1067 3173 1270 3222 uetustissimum
1293 3172 1371 3222 luisse
1397 3172 1519 3222 scholium
1544 3188 1614 3221 eom-

1067 3240 1219 3290 mentatoris
1246 3240 1386 3306 Cruquiaoi
1415 3241 1518 3290 uidetur
1546 3241 1614 3289 indi-

1068 3324 1143 3371 care,
1164 3309 1223 3358 item
1244 3310 1432 3360 commentariis
1451 3309 1561 3358 Aeronis
1588 3316 1613 3358 et

1067 3376 1266 3446 Porpbyvrionis3
1292 3385 1344 3428 tum
1368 3379 1474 3428 obdidit
1498 3378 1613 3442 exquisi-

1066 3453 1118 3496 tam
1139 3447 1210 3512 paeis
1228 3454 1255 3496 et
1272 3448 1318 3496 otii
1337 3447 1546 3510 significationem
1568 3448 1613 3510 ba-

1066 3515 1124 3564 bet:
1146 3531 1235 3565 rursus
1249 3517 1364 3566 techniea
1378 3515 1512 3578 uoeabula,
1526 3516 1612 3564 euius·

1066 3584 1134 3632 modi
1155 3585 1263 3634 addidit
1282 3584 1348 3633 foret
1365 3583 1413 3648 (ei.
1435 3583 1519 3633 'l'aeit
1542 3585 1611 3632 Anu.

1066 3651 1127 3702 Xlll
1142 3653 1203 3715 31),
1223 3653 1307 3702 uitare
1327 3653 1386 3702 boni
1405 3660 1495 3716 poetae
1514 3652 1610 3700 solent.

1066 3719 1155 3770 'l'ertin
1169 3721 1295 3785 scriptura
1313 3721 1437 3770 reddidit
1448 3727 1550 3768 notaret
1564 3720 1612 3769 mi-

1065 3789 1125 3838 lites
1149 3796 1209 3838 tune
1233 3789 1323 3837 missos
1342 3801 1430 3835 omnes
1451 3801 1483 3834 ex
1502 3788 1613 3836 muniei-

1065 3857 1115 3921 piis
1135 3865 1179 3906 aut
1199 3856 1305 3908 coloniis
1320 3855 1345 3903 in
1359 3853 1498 3903 exereitum
1512 3853 1612 3904 Caesa-

1066 3926 1101 3975 ris
1120 3931 1286 3988 eongregatos
1305 3936 1376 3972 esse:
1402 3936 1490 3970 uerum
1511 3921 1612 3972 Caesar
1713 3926 1714 3929 ’

1065 3993 1159 4043 milites
1178 3993 1204 4040 in
1219 3991 1312 4040 bellum
1325 3990 1457 4040 Aetiaeurn
1470 3991 1610 4041 undecum-

1065 4077 1113 4125 que
1127 4061 1276 4123 eollegerat.

1116 4146 1160 4194 39.
1186 4145 1307 4193 labores:
1332 4143 1397 4193 dicit
1421 4144 1523 4195 labores
1541 4145 1609 4194 mili·
1698 4200 1701 4205 Ι

1064 4212 1132 4273 tiae,
1158 4228 1220 4278 qnos
1239 4212 1301 4261 alibi
1321 4218 1398 4262 uitae
1417 4214 1522 4265 labores
1542 4230 1607 4264 noue

1065 4282 1220 4348 nominauit;
1240 4279 1275 4330 ei.
1289 4281 1320 4330 ad
1336 4281 1374 4330 17
1390 4283 1432 4333 18.

1114 4366 1159 4414 40.
1177 4366 1266 4416 Pierio
1278 4371 1516 4417 recreatr'santro:
1535 4366 1607 4430 pacis

1063 4433 1163 4484 artibus
1176 4441 1202 4483 et
1215 4434 1288 4486 bonis
1301 4436 1382 4502 ipsum
1393 4436 1444 4486 frui
1456 4433 1604 4485 coneeditis.

1063 4499 1152 4551 Notari
1172 4505 1291 4568 templum
1309 4501 1434 4570 Apollinis
1458 4519 1473 4553 a
1493 4503 1606 4553 Caesare

1064 4586 1088 4619 a.
1110 4571 1160 4621 726
1178 4573 1320 4623 dedicatum
1341 4573 1425 4622 monui
1444 4573 1469 4621 in
1491 4572 1604 4621 Prooem.

1064 4641 1148 4690 Corin.
1165 4641 1197 4691 ΙΙΙ
1219 4643 1243 4691 l.
1270 4642 1343 4692 Coni.
1358 4641 1462 4692 Pindari
1483 4640 1557 4706 epm.
1571 4637 1606 4688 Vl
