3884 5525
956 603 1093 655 florarii

691 785 788 847 cogor
802 771 941 832 relictos.
967 789 1098 848 namque
1116 772 1282 853 Diespiter,

693 882 761 957 igni
777 896 908 943 corusco
924 884 1029 944 uulaila
1046 885 1186 946 diuidens

692 992 886 1068 plerumque,
904 1007 1087 1070 perpurum
1102 1000 1246 1058 tonantes

630 1093 633 1096 ’
691 1103 756 1178 egit
771 1117 867 1178 equos
882 1103 1105 1180 uolucremque
1117 1121 1254 1181 currum,

691 1267 753 1329 quo
768 1255 859 1316 bruta
875 1256 969 1318 tellus
985 1253 1114 1336 ei'uaga
1130 1259 1267 1337 flumina,

463 1374 495 1423 ro
690 1379 751 1440 quo
768 1361 852 1442 styx
868 1371 900 1428 ei
914 1369 1010 1430 inuisi
1025 1369 1149 1430 horrida
1165 1369 1300 1432 Taenari

531 1517 619 1568 5-8.
641 1533 746 1584 namque
760 1519 890 1586 Diespiter
907 1523 1054 1588 plerumque
1074 1539 1120 1589 per
1138 1541 1225 1590 purum
1240 1527 1293 1590 egit
1313 1542 1390 1592 equos
1403 1529 1462 1593 (sic)
1476 1530 1587 1582 Seruius
1599 1514 1610 1531 ’Ἰ

460 1584 732 1638 adnanvniioro.
836 1592 862 1640 5.
882 1606 981 1656 nanque
996 1594 1028 1642 H.
1132 1595 1157 1644 6.
1177 1595 1299 1644 chorusco
1315 1595 1345 1644 G.
1453 1599 1478 1649 7.
1499 1606 1587 1649 tonan-

414 1647 428 1698 '.
460 1653 496 1701 tis
509 1654 560 1718 Hg.
671 1657 696 1706 9.
716 1664 743 1706 et
756 1656 817 1721 (sic)
831 1658 906 1708 bruta
917 1660 996 1710 tellus
1009 1662 1121 1732 Seruius
1134 1663 1169 1712 nd
1182 1662 1360 1714 Aenxioi.
1473 1667 1512 1718 10.
1534 1670 1586 1718 stix

433 1726 434 1731 ’
460 1720 541 1772 BGH.
613 1725 697 1775 teneri
709 1725 800 1792 cong
813 1727 852 1792 (H
862 1729 980 1798 tpenari).

510 1890 615 1940 5-12.
643 1893 752 1943 Causam
765 1896 863 1959 reddit,
885 1914 931 1947 cnr
943 1915 1001 1964 pro·
1044 1898 1164 1965 Epicurei
1185 1915 1218 1949 cx
1236 1901 1586 1966 nnbiumpraesentiacolli-

458 1955 544 2007 halam
556 1967 616 2011 ante
628 1962 779 2027 sapientiam
793 1965 927 2016 abiecerit.
946 1966 1001 2016 Ma·
1044 1984 1104 2030 gere
1118 1969 1188 2018 soliti
1202 1977 1270 2032 suni,
1293 1985 1341 2018 non
1355 1986 1411 2020 esse
1424 1971 1507 2022 louein
1521 1975 1585 2023 unde

398 2051 400 2057 ·
458 2025 570 2089 nifesto,
592 2029 670 2092 dicit,
691 2029 786 2080 indicio
800 2049 880 2098 nuper
891 2037 999 2099 eognoui
1043 2036 1148 2086 fulmina
1173 2038 1344 2089 mitterentur,
1393 2039 1528 2091 Lueretius
1552 2041 1585 2092 Vl

458 2092 512 2142 loni
525 2111 612 2145 curam
625 2113 682 2148 esse
695 2114 737 2148 res
747 2101 871 2152 humanas
883 2110 909 2152 et
918 2119 997 2154 meas.
1043 2105 1107 2154 400:
1134 2105 1249 2171 denique
1270 2122 1320 2156 cur
1343 2123 1488 2174 numquam
1512 2112 1584 2162 caclo

1042 2177 1113 2223 iacit
1124 2174 1242 2238 undique
1250 2191 1322 2240 poro
1330 2175 1450 2241 Iuppiter
1458 2183 1486 2228 in
1497 2184 1585 2230 terras

1034 2241 1144 2306 fulmen
1167 2246 1328 2307 sonitusque
1348 2246 1518 2309 profundit?
1549 2264 1584 2298 an

1043 2311 1126 2360 rinnai
1144 2327 1176 2360 ac
1195 2313 1275 2361 nubes
1294 2329 1456 2378 successere,
1480 2318 1583 2379 ipsein

1043 2393 1089 2428 eas
1099 2385 1156 2428 tum
1169 2380 1313 2443 descendit,
1322 2397 1408 2445 prope
1420 2389 1453 2432 ut
1462 2385 1523 2433 hinc
1536 2386 1575 2434 iel
1581 2389 1585 2400 '

508 2195 598 2247 5-8.
610 2215 734 2264 namque
744 2229 780 2238 —
789 2207 845 2268 egit
856 2221 938 2269 equos
950 2223 998 2257 uc·

456 2262 609 2330 fueramque
638 2284 764 2320 crcrrum:
794 2287 910 2337 namque
940 2275 998 2338 (καὶ

455 2326 522 2400 γάρ)
552 2351 627 2385 unam
652 2345 679 2388 et
707 2341 869 2404 praecipuam
894 2357 998 2394 cansam

456 2400 540 2466 affert’
555 2418 601 2484 ΨΥ
613 2408 765 2457 ⁸⁰⁰t⁶⁰²i³m
778 2416 804 2458 et
816 2410 885 2460 Uim
899 2427 998 2462 ⁰⁰¹⁸⁵¹¹¹¹¹
1043 2447 1206 2497 determinet
1227 2452 1316 2498 ictus?
1350 2449 1519 2502 Praeinerant
1543 2469 1584 2502 so·

455 2475 605 2522 mutauerrt.
653 2475 804 2540 Diespiter:
817 2476 900 2528 Varro
912 2478 964 2529 LL.
975 2480 997 2532 V

454 2537 524 2600 ἕως
545 2541 675 2592 ,widem
688 2548 998 2610 mmomnditant,
1041 2516 1140 2580 phistac
1154 2523 1311 2581 ueterespu.
1325 2518 1501 2584 Aristophanis
1514 2519 1581 2572 Nnb.

454 2610 535 2669 quius
542 2609 615 2659 Iouis
627 2627 739 2662 nornen:
754 2617 997 2669 comemmorans
1149 2620 1154 2632 '

454 2676 731 2742 chiespiferdicius,
744 2684 775 2732 id
787 2685 892 2734 cridies
902 2692 994 2750 poter.
1093 2677 1117 2726 7·
1135 2692 1187 2742 Pfl'
1202 2693 1322 2758 P‘Wfffmf
1347 2695 1394 2744 fef
1412 2698 1500 2764 purum
1521 2699 1582 2734 wa

453 2741 560 2796 Seruius
573 2747 604 2796 ad
618 2747 683 2799 ileu.
698 2749 767 2801 Vllll
782 2753 847 2803 570:
867 2770 932 2803 sane
946 2756 997 2806 lin·
1039 2744 1082 2796 ¹10¹
1095 2746 1219 2809 aethela,
1240 2744 1269 2797 (fl
1290 2747 1582 2832 alfelaQANSlOpha·

450 2827 507 2876 gna
522 2816 589 2864 Osca
603 2816 731 2869 Lucetius
750 2828 795 2871 est
811 2822 934 2887 Iuppiter
954 2826 997 2875 di·
1040 2830 1086 2894 2³⁸
1104 2815 1122 2864 l·
1137 2831 1160 2895 9·
1173 2816 1246 2895 ,37⁰²
1269 2819 1361 2866 καίῖθι
1376 2836 1449 2898 ἔθην
1469 2822 1583 2903 αῖθρίαέ

452 2886 512 2931 01¹2ss
525 2899 542 2933 a
555 2884 612 2933 [mse
626 2902 706 2949 quam
722 2896 870 2953 praestaro
883 2893 996 2943 homini.
1029 2892 1098 2932 'USW
1112 2898 1205 2933 avwv.
1230 2882 1301 2935 Nolle
1322 2885 1427 2937 fulllllnll
1441 2897 1467 2939 (lt
1486 2898 1581 2942 [Olllll'll

453 2950 501 2998 pu,
514 2952 624 3002 dicetur,
653 2956 711 3020 pm,
724 2963 766 3007 ως
783 2965 878 3009 „om
899 2961 995 3024 [mgna
1039 2967 1096 3000 esse
1111 2951 1239 3015 fragorem
1253 2969 1267 3003 e
1280 2970 1357 3004 curru
1367 2956 1433 3007 louis
1447 2960 1580 3011 celerrime

451 3017 597 3083 Diespiter,
613 3026 632 3071 i.
646 3039 669 3071 e.
684 3024 739 3072 diei
747 3032 836 3087 pater.
864 3026 936 3090 Quod
951 3046 995 3079 no·

450 3099 506 3133 men
520 3088 612 3151 priscis
632 3092 788 3155 temporibus
808 3096 839 3143 de
853 3096 912 3145 lano
926 3097 993 3147 lucis

450 3154 552 3203 numine
566 3156 659 3206 dictum
670 3160 773 3208 uidetur
782 3177 839 3211 esse
852 3164 897 3224 (cf.
908 3164 991 3217 Serm.

449 3218 470 3268 ll
489 3221 504 3269 6
523 3222 573 3270 2οε
596 3230 731 3275 matutine
746 3234 843 3291 pater,
864 3247 910 3279 scu
928 3233 992 3281 Iane

449 3288 574 3339 libentius
598 3287 711 3355 audis),
747 3296 772 3343 irl
796 3312 855 3345 mox
880 3298 991 3351 fortasse

448 3358 600 3407 translatum
613 3367 653 3409 est
665 3363 697 3410 arl
710 3361 808 3413 louem:
831 3382 887 3415 uam
900 3368 991 3434 Iuppi-

448 3430 492 3474 ter
504 3434 530 3474 et
541 3428 680 3493 Diespiter
697 3438 725 3480 nt
745 3432 812 3483 idem
825 3450 883 3484 esse
902 3438 991 3488 crede-

447 3501 519 3557 rent,
544 3494 631 3546 Latini
656 3498 731 3549 facile
752 3501 837 3552 induci
858 3512 988 3570 poterant.

447 3561 491 3611 Sic
504 3564 581 3613 etiam
595 3565 657 3616 1112
671 3568 714 3618 29.

498 3666 586 3718 6-7.
606 3673 666 3735 igni
682 3686 792 3722 corusco
810 3674 904 3724 nubila
917 3676 989 3726 diui-

446 3734 510 3784 dens
525 3738 699 3803 pleramque:
722 3739 835 3805 luppiter
853 3759 908 3793 curn
922 3745 988 3795 alias

445 3818 491 3867 per
504 3806 591 3855 nubila
610 3808 697 3858 lucere
716 3817 741 3858 et
760 3808 864 3860 fulmina
883 3815 987 3865 mittere

445 3871 536 3922 solitus
549 3875 600 3937 sit,
622 3875 708 3941 fulgur
725 3878 790 3927 illud
809 3894 877 3930 ame
896 3897 987 3931 sereno

444 3939 485 3989 die
498 3942 579 3991 uisum
597 3946 739 4008 prodigium
752 3948 913 3998 ruanifestnm
927 3950 986 4015 fuir,

444 4023 492 4071 quo
517 4011 557 4059 sni
582 4015 752 4076 praesentiam
777 4016 840 4067 deus
862 4020 985 4070 ostendit.

443 4076 517 4128 Conf.
527 4076 626 4141 Vergil.
637 4081 730 4147 Georg.
745 4083 834 4134 icor:
848 4102 901 4135 aron
915 4089 985 4137 alias

442 4146 515 4196 caelo
536 4149 691 4202 ceciderunt
709 4153 792 4215 plura
813 4170 906 4204 sereno
923 4156 984 4220 sul·

440 4228 522 4276 gnra.
550 4215 669 4269 Lucanus
688 4220 777 4271 1530:
792 4223 911 4287 fulgura
922 4224 985 4287 sal-

441 4282 497 4331 iaci
506 4287 663 4337 micuerunt
679 4291 775 4340 crebra
786 4306 890 4339 sereno.
917 4292 982 4341 ibid.

437 4348 505 4400 533:
528 4358 643 4405 tacitum
655 4361 714 4406 sine
726 4360 840 4407 arabibus
852 4359 916 4408 ullis
921 4361 983 4423 sul-

438 4433 509 4469 men.
531 4421 629 4472 Seneca
636 4423 743 4491 Thyest.
752 4426 816 4475 263:
832 4431 912 4476 tonat
924 4428 982 4478 dics

356 4488 359 4491 ’
440 4503 560 4540 serenus.
588 4491 688 4541 Homeri
701 4493 796 4559 Odyss.
805 4510 822 4541 v
833 4494 980 4546 112-114.

440 4553 504 4605 Sine
522 4558 631 4614 nubibus
650 4568 676 4609 et
693 4576 783 4609 sereno
803 4562 874 4611 eaelo
895 4563 981 4613 fulmi-

439 4637 515 4674 nasse
537 4626 621 4677 louenr
646 4629 761 4679 consulto
786 4638 889 4696 narrat,
915 4636 980 4698 quod

1038 3027 1110 3085 rapto
1124 3020 1234 3084 eloquis
1248 3021 1329 3084 igneis
1342 3026 1507 3079 uehementer
1516 3030 1580 3079 aclis

1037 3087 1175 3151 siguificat.
1604 3096 1607 3113 ¹

1087 3180 1112 3229 8.
1145 3182 1335 3249 uolucrcmqne
1360 3204 1485 3239 οαννανι.Ι
1510 3190 1576 3241 Plat.

1035 3246 1143 3299 Phaedr.
1163 3265 1188 3315 p.
1203 3251 1299 3301 iloii:
1325 3248 1338 3303 ὃ
1359 3254 1413 3324 μὲν
1436 3252 1470 3321 δὴ
1490 3260 1579 3327 μέγας

1034 3310 1146 3385 ἡγεμὼν
1165 3318 1195 3370 ἐν
1214 3314 1323 3389 οὐρανῷ
1335 3320 1419 3385 Ζεύς,
1443 3322 1578 3391 πτηνὸν

1033 3380 1128 3454 ἅρμα
1146 3383 1316 3453 ἐλαύνων,
1338 3390 1577 3465 πρῶτοςπορεύε-

1034 3472 1088 3505 ται.

1085 3549 1110 3600 9.
1137 3551 1334 3603 bruta‘icllus:
1354 3570 1417 3619 quae
1438 3558 1500 3606 nihil
1519 3574 1577 3607 sen·

1032 3618 1099 3667 tiens
1113 3634 1161 3668 non
1174 3620 1223 3669 nisi
1234 3636 1324 3685 magna
1335 3624 1359 3671 ui
1371 3626 1466 3673 moueri
1480 3634 1573 3689 potest.

1034 3686 1067 3736 lli
1082 3688 1098 3736 4
1111 3688 1160 3736 45:
1183 3695 1287 3739 terram
1303 3696 1426 3741 inertem.
1453 3692 1575 3757 Opposita

1032 3764 1091 3808 suut
1103 3760 1319 3823 angustamur,
1340 3772 1404 3821 quae
1423 3774 1469 3821 per
1487 3760 1575 3811 uarios

1032 3826 1113 3873 flexus
1137 3833 1271 3874 mouentur
1300 3833 1327 3873 et
1357 3840 1489 3891 numquam
1515 3830 1575 3879 sub-

1031 3892 1135 3942 sistunt.

1082 3987 1123 4035 10.
1147 4002 1198 4049 quo
1211 3984 1299 4051 Sipus:
1314 4000 1327 4034 a
1340 3988 1472 4051 superlicio
1486 3998 1572 4043 terrae

1029 4053 1061 4103 ad
1085 4052 1182 4103 inferos
1213 4054 1252 4102 nis
1278 4052 1386 4118 fulguris
1416 4062 1569 4126 penetrauit.

1027 4122 1163 4186 Anaphora
1184 4138 1233 4170 non
1252 4122 1321 4172 ultra
1340 4124 1467 4177 binarium
1485 4146 1571 4179 nume-

1028 4205 1081 4239 rum
1094 4190 1227 4255 processit.

1081 4291 1202 4341 10-11.
1221 4296 1307 4345 inuisi
1325 4298 1443 4349 nereida
1455 4298 1573 4352 Taenari

1025 4359 1117 4409 cedes:
1140 4358 1284 4412 Taenarum
1297 4364 1441 4417 Laconicae
1454 4383 1570 4432 promen·
1616 4369 1625 4389 ⁴

1025 4428 1118 4478 torium
1139 4433 1259 4483 inncisum
1271 4442 1379 4484 uocatur
1399 4444 1427 4485 ut
1439 4437 1524 4487 aditus
1537 4440 1569 4487 arl

1025 4496 1123 4548 inferos
1137 4499 1176 4549 dis
1188 4502 1287 4568 superis
1299 4504 1489 4570 hominibusque
1500 4507 1569 4557 odio·

1025 4581 1076 4618 sos.
1098 4567 1140 4617 Sic
1150 4567 1172 4619 ii
1189 4572 1220 4620 14
1233 4572 1279 4621 23:
1294 4575 1403 4623 inuisae
1415 4589 1566 4640 cupressus.

1024 4636 1075 4686 Alii
1089 4638 1219 4705 explicant
1235 4641 1317 4693 niinus
1330 4650 1388 4708 apte
1402 4660 1455 4695 non
1468 4648 1531 4696 uisi.
