<?xml version="1.0" encoding="UTF-8"?>
<!DOCTYPE html PUBLIC "-//W3C//DTD XHTML 1.0 Transitional//EN"
    "http://www.w3.org/TR/xhtml1/DTD/xhtml1-transitional.dtd">
<html xmlns="http://www.w3.org/1999/xhtml" xml:lang="en" lang="en">
 <head>
  <title>
</title>
<meta http-equiv="Content-Type" content="text/html;charset=utf-8" />
  <meta name='ocr-system' content='tesseract 3.04.00' />
  <meta name='ocr-capabilities' content='ocr_page ocr_carea ocr_par ocr_line ocrx_word'/>
</head>
<body>
  <div class='ocr_page' id='page_1' title='image "./horatiicarminae00rittgoog/horatiicarminae00rittgoog_0155.png"; bbox 0 0 3884 5525; ppageno 0'>
   <div class='ocr_carea' id='block_1_1' title="bbox 783 649 1053 703">
    <p class='ocr_par' dir='ltr' id='par_1_1' title="bbox 783 649 1053 703">
     <span class='ocr_line' id='line_1_1' title="bbox 783 649 1053 703; baseline -0.004 0"><span class='ocrx_word' id='word_1_1' title='bbox 783 649 962 703; x_wconf 76' lang='lat' dir='ltr'><strong>canninvii</strong></span> <span class='ocrx_word' id='word_1_2' title='bbox 982 652 991 702; x_wconf 93' lang='grc' dir='ltr'>Ι</span> <span class='ocrx_word' id='word_1_3' title='bbox 1011 653 1053 703; x_wconf 84' lang='grc'><strong>28.</strong></span> 
     </span>
    </p>
   </div>
   <div class='ocr_carea' id='block_1_2' title="bbox 452 818 1225 1020">
    <p class='ocr_par' dir='ltr' id='par_1_2' title="bbox 452 818 1225 1020">
     <span class='ocr_line' id='line_1_2' title="bbox 455 818 1225 900; baseline 0.004 -17"><span class='ocrx_word' id='word_1_4' title='bbox 455 827 487 883; x_wconf 90' lang='lat' dir='ltr'><strong>et</strong></span> <span class='ocrx_word' id='word_1_5' title='bbox 499 819 586 882; x_wconf 90' lang='lat' dir='ltr'><strong>louts</strong></span> <span class='ocrx_word' id='word_1_6' title='bbox 602 821 727 883; x_wconf 87' lang='lat' dir='ltr'><strong>arcanis</strong></span> <span class='ocrx_word' id='word_1_7' title='bbox 740 818 848 884; x_wconf 85' lang='lat' dir='ltr'><strong>bltnos</strong></span> <span class='ocrx_word' id='word_1_8' title='bbox 863 821 1032 898; x_wconf 71' lang='lat' dir='ltr'><strong>adunans,</strong></span> <span class='ocrx_word' id='word_1_9' title='bbox 1050 823 1225 900; x_wconf 82' lang='lat' dir='ltr'>habentque</span> 
     </span>
     <span class='ocr_line' id='line_1_3' title="bbox 452 929 1039 1020; baseline 0 -26"><span class='ocrx_word' id='word_1_10' title='bbox 452 931 587 995; x_wconf 74' lang='lat' dir='ltr'><strong>narare</strong></span> <span class='ocrx_word' id='word_1_11' title='bbox 603 930 799 1000; x_wconf 75' lang='lat' dir='ltr'><strong>Panthoiden</strong></span> <span class='ocrx_word' id='word_1_12' title='bbox 816 933 930 994; x_wconf 88' lang='lat' dir='ltr'><strong>iterum</strong></span> <span class='ocrx_word' id='word_1_13' title='bbox 945 929 1039 1020; x_wconf 83' lang='lat' dir='ltr'><strong>Oreo</strong></span> 
     </span>
    </p>
   </div>
   <div class='ocr_carea' id='block_1_3' title="bbox 452 1084 1180 1298">
    <p class='ocr_par' dir='ltr' id='par_1_3' title="bbox 452 1084 1180 1298">
     <span class='ocr_line' id='line_1_4' title="bbox 453 1084 1180 1161; baseline 0 -13"><span class='ocrx_word' id='word_1_14' title='bbox 453 1087 634 1161; x_wconf 84' lang='lat' dir='ltr'><strong>demissum,</strong></span> <span class='ocrx_word' id='word_1_15' title='bbox 652 1086 798 1160; x_wconf 86' lang='lat' dir='ltr'><strong>quamuis</strong></span> <span class='ocrx_word' id='word_1_16' title='bbox 813 1086 912 1161; x_wconf 89' lang='lat' dir='ltr'><strong>clipeo</strong></span> <span class='ocrx_word' id='word_1_17' title='bbox 927 1084 1065 1149; x_wconf 81' lang='lat' dir='ltr'><strong>Troiana</strong></span> <span class='ocrx_word' id='word_1_18' title='bbox 1081 1087 1180 1148; x_wconf 84' lang='lat' dir='ltr'><strong>rehxo</strong></span> 
     </span>
     <span class='ocr_line' id='line_1_5' title="bbox 452 1196 936 1298; baseline -0.006 -39"><span class='ocrx_word' id='word_1_19' title='bbox 452 1203 593 1274; x_wconf 87' lang='lat' dir='ltr'><strong>tempora</strong></span> <span class='ocrx_word' id='word_1_20' title='bbox 607 1201 743 1258; x_wconf 88' lang='lat' dir='ltr'><strong>testatus</strong></span> <span class='ocrx_word' id='word_1_21' title='bbox 759 1197 836 1258; x_wconf 80' lang='lat' dir='ltr'><strong>nihil</strong></span> <span class='ocrx_word' id='word_1_22' title='bbox 851 1196 936 1298; x_wconf 74' lang='lat' dir='ltr'><strong>ultra</strong></span> 
     </span>
    </p>
   </div>
   <div class='ocr_carea' id='block_1_4' title="bbox 347 1415 1455 1588">
    <p class='ocr_par' dir='ltr' id='par_1_4' title="bbox 347 1415 1455 1588">
     <span class='ocr_line' id='line_1_6' title="bbox 413 1415 1455 1518; baseline 0 -15"><span class='ocrx_word' id='word_1_23' title='bbox 413 1455 438 1504; x_wconf 88' lang='lat' dir='ltr'><strong>e.</strong></span> <span class='ocrx_word' id='word_1_24' title='bbox 459 1453 688 1518; x_wconf 82' lang='lat' dir='ltr'><strong>archanisBGHg.</strong></span> <span class='ocrx_word' id='word_1_25' title='bbox 760 1415 896 1511; x_wconf 70' lang='lat' dir='ltr'><strong>admisld.</strong></span> <span class='ocrx_word' id='word_1_26' title='bbox 1004 1453 1045 1504; x_wconf 88' lang='grc'><strong>10.</strong></span> <span class='ocrx_word' id='word_1_27' title='bbox 1068 1452 1233 1512; x_wconf 77' lang='lat' dir='ltr'><strong>Panthoiden</strong></span> <span class='ocrx_word' id='word_1_28' title='bbox 1246 1453 1276 1504; x_wconf 87' lang='lat' dir='ltr'><strong>G.</strong></span> <span class='ocrx_word' id='word_1_29' title='bbox 1336 1453 1455 1504; x_wconf 85' lang='lat' dir='ltr'><strong>orcboG.</strong></span> 
     </span>
     <span class='ocr_line' id='line_1_7' title="bbox 347 1521 1060 1588; baseline -0.001 -15"><span class='ocrx_word' id='word_1_30' title='bbox 347 1524 387 1573; x_wconf 91' lang='grc'><strong>11.</strong></span> <span class='ocrx_word' id='word_1_31' title='bbox 406 1523 514 1588; x_wconf 83' lang='lat' dir='ltr'><strong>quanuis</strong></span> <span class='ocrx_word' id='word_1_32' title='bbox 527 1523 616 1588; x_wconf 82' lang='lat' dir='ltr'><strong>clypeo</strong></span> <span class='ocrx_word' id='word_1_33' title='bbox 630 1523 662 1573; x_wconf 90' lang='lat' dir='ltr'><strong>H.</strong></span> <span class='ocrx_word' id='word_1_34' title='bbox 768 1523 809 1572; x_wconf 89' lang='grc'><strong>12.</strong></span> <span class='ocrx_word' id='word_1_35' title='bbox 830 1521 866 1571; x_wconf 92' lang='lat' dir='ltr'><strong>nii</strong></span> <span class='ocrx_word' id='word_1_36' title='bbox 879 1523 913 1585; x_wconf 82' lang='lat' dir='ltr'><strong>A,</strong></span> <span class='ocrx_word' id='word_1_37' title='bbox 934 1521 1014 1572; x_wconf 79' lang='lat' dir='ltr'><strong>nichil</strong></span> <span class='ocrx_word' id='word_1_38' title='bbox 1027 1523 1060 1572; x_wconf 85' lang='lat' dir='ltr'><strong>B.</strong></span> 
     </span>
    </p>
   </div>
   <div class='ocr_carea' id='block_1_5' title="bbox 286 1812 1471 3937">
    <p class='ocr_par' dir='ltr' id='par_1_5' title="bbox 286 1812 1471 3937">
     <span class='ocr_line' id='line_1_8' title="bbox 343 1812 1470 1878; baseline 0.001 -16"><span class='ocrx_word' id='word_1_39' title='bbox 343 1830 392 1863; x_wconf 75' lang='lat' dir='ltr'><strong>naec</strong></span> <span class='ocrx_word' id='word_1_40' title='bbox 423 1818 536 1876; x_wconf 83' lang='lat' dir='ltr'><strong>uiuam,</strong></span> <span class='ocrx_word' id='word_1_41' title='bbox 562 1813 677 1862; x_wconf 82' lang='lat' dir='ltr'><strong>--aact</strong></span> <span class='ocrx_word' id='word_1_42' title='bbox 706 1812 887 1874; x_wconf 78' lang='lat' dir='ltr'><strong>Tarente&#39;nae,·</strong></span> <span class='ocrx_word' id='word_1_43' title='bbox 928 1815 1041 1878; x_wconf 81' lang='lat' dir='ltr'><strong>insigues</strong></span> <span class='ocrx_word' id='word_1_44' title='bbox 1065 1815 1174 1866; x_wconf 84' lang='lat' dir='ltr'><strong>honores</strong></span> <span class='ocrx_word' id='word_1_45' title='bbox 1198 1815 1321 1866; x_wconf 86' lang='lat' dir='ltr'><strong>communi</strong></span> <span class='ocrx_word' id='word_1_46' title='bbox 1342 1814 1470 1864; x_wconf 91' lang='lat' dir='ltr'><strong>hominum</strong></span> 
     </span>
     <span class='ocr_line' id='line_1_9' title="bbox 344 1879 1381 1950; baseline 0.003 -19"><span class='ocrx_word' id='word_1_47' title='bbox 344 1882 436 1931; x_wconf 89' lang='lat' dir='ltr'><strong>Strabo</strong></span> <span class='ocrx_word' id='word_1_48' title='bbox 455 1881 489 1931; x_wconf 94' lang='lat' dir='ltr'><strong>Vl</strong></span> <span class='ocrx_word' id='word_1_49' title='bbox 508 1883 523 1931; x_wconf 89' lang='grc'><strong>3</strong></span> <span class='ocrx_word' id='word_1_50' title='bbox 543 1881 601 1946; x_wconf 73' lang='lat'><strong>§62</strong></span> <span class='ocrx_word' id='word_1_51' title='bbox 627 1882 691 1950; x_wconf 72' lang='grc' dir='ltr'><strong>μέλι</strong></span> <span class='ocrx_word' id='word_1_52' title='bbox 711 1879 805 1932; x_wconf 71' lang='grc' dir='ltr'><strong><em>δὲκαὶ</em></strong></span> <span class='ocrx_word' id='word_1_53' title='bbox 825 1881 886 1944; x_wconf 77' lang='grc' dir='ltr'><strong><em>ἔρια</em></strong></span> <span class='ocrx_word' id='word_1_54' title='bbox 929 1883 992 1934; x_wconf 88' lang='lat' dir='ltr'><strong>sorti</strong></span> <span class='ocrx_word' id='word_1_55' title='bbox 1006 1884 1163 1934; x_wconf 81' lang='lat' dir='ltr'><strong>occubuisse.</strong></span> <span class='ocrx_word' id='word_1_56' title='bbox 1378 1898 1381 1906; x_wconf 78' lang='grc'><em>“</em></span> 
     </span>
     <span class='ocr_line' id='line_1_10' title="bbox 343 1945 1471 2018; baseline 0.002 -18"><span class='ocrx_word' id='word_1_57' title='bbox 343 1954 397 2000; x_wconf 84' lang='grc' dir='ltr'><strong>τῶν</strong></span> <span class='ocrx_word' id='word_1_58' title='bbox 406 1951 470 2000; x_wconf 77' lang='grc' dir='ltr'><strong><em>λίαν</em></strong></span> <span class='ocrx_word' id='word_1_59' title='bbox 478 1949 689 2018; x_wconf 64' lang='grc' dir='ltr'><strong><em>ἐπαινουμένων</em></strong></span> <span class='ocrx_word' id='word_1_60' title='bbox 698 1948 760 2000; x_wconf 72' lang='grc' dir='ltr'><strong><em>ἔστί</em></strong></span> <span class='ocrx_word' id='word_1_61' title='bbox 768 1947 795 2014; x_wconf 86' lang='grc' dir='ltr'><strong>(ἡ</strong></span> <span class='ocrx_word' id='word_1_62' title='bbox 804 1945 885 2018; x_wconf 78' lang='grc' dir='ltr'><strong><em>χώρα</em></strong></span> <span class='ocrx_word' id='word_1_63' title='bbox 980 1953 1005 2002; x_wconf 88' lang='lat'><strong>8.</strong></span> <span class='ocrx_word' id='word_1_64' title='bbox 1025 1959 1144 2004; x_wconf 85' lang='lat' dir='ltr'><strong>remotas</strong></span> <span class='ocrx_word' id='word_1_65' title='bbox 1161 1955 1188 2002; x_wconf 83' lang='lat' dir='ltr'><strong>a&#39;n</strong></span> <span class='ocrx_word' id='word_1_66' title='bbox 1207 1967 1307 2004; x_wconf 80' lang='lat' dir='ltr'><strong>aurae:</strong></span> <span class='ocrx_word' id='word_1_67' title='bbox 1327 1951 1358 2000; x_wconf 91' lang='lat' dir='ltr'><strong>ab</strong></span> <span class='ocrx_word' id='word_1_68' title='bbox 1371 1953 1471 2002; x_wconf 73' lang='lat' dir='ltr'><strong>Aurora</strong></span> 
     </span>
     <span class='ocr_line' id='line_1_11' title="bbox 345 2020 1470 2086; baseline 0 -18"><span class='ocrx_word' id='word_1_69' title='bbox 345 2023 546 2084; x_wconf 76' lang='grc' dir='ltr'><strong><em>Ταραντίνων).</em></strong></span> <span class='ocrx_word' id='word_1_70' title='bbox 561 2020 660 2084; x_wconf 78' lang='lat' dir='ltr'><strong>,ltaque</strong></span> <span class='ocrx_word' id='word_1_71' title='bbox 674 2021 737 2068; x_wconf 87' lang='lat' dir='ltr'><strong>litus</strong></span> <span class='ocrx_word' id='word_1_72' title='bbox 749 2020 884 2070; x_wconf 76' lang='lat' dir='ltr'><strong>Matinum</strong></span> <span class='ocrx_word' id='word_1_73' title='bbox 928 2035 974 2085; x_wconf 83' lang='lat' dir='ltr'><strong>pro</strong></span> <span class='ocrx_word' id='word_1_74' title='bbox 986 2023 1092 2086; x_wconf 90' lang='lat' dir='ltr'><strong>eohiuge</strong></span> <span class='ocrx_word' id='word_1_75' title='bbox 1106 2023 1130 2071; x_wconf 92' lang='lat' dir='ltr'><strong>iu</strong></span> <span class='ocrx_word' id='word_1_76' title='bbox 1150 2037 1226 2071; x_wconf 90' lang='lat' dir='ltr'><strong>auras</strong></span> <span class='ocrx_word' id='word_1_77' title='bbox 1244 2021 1369 2071; x_wconf 85' lang='lat' dir='ltr'><strong>caelestes</strong></span> <span class='ocrx_word' id='word_1_78' title='bbox 1386 2021 1470 2069; x_wconf 86' lang='lat' dir='ltr'><strong>elatus</strong></span> 
     </span>
     <span class='ocr_line' id='line_1_12' title="bbox 341 2087 1469 2154; baseline 0.003 -17"><span class='ocrx_word' id='word_1_79' title='bbox 341 2104 398 2137; x_wconf 79' lang='lat' dir='ltr'><strong>esse</strong></span> <span class='ocrx_word' id='word_1_80' title='bbox 410 2087 578 2138; x_wconf 83' lang='lat' dir='ltr'><strong>Tarentinum</strong></span> <span class='ocrx_word' id='word_1_81' title='bbox 591 2088 727 2138; x_wconf 72' lang='lat' dir='ltr'><strong>Calabriae</strong></span> <span class='ocrx_word' id='word_1_82' title='bbox 745 2089 807 2138; x_wconf 88' lang='lat' dir='ltr'><strong>litus</strong></span> <span class='ocrx_word' id='word_1_83' title='bbox 820 2089 885 2138; x_wconf 88' lang='lat' dir='ltr'><strong>affir-</strong></span> <span class='ocrx_word' id='word_1_84' title='bbox 927 2096 953 2138; x_wconf 90' lang='lat' dir='ltr'><strong>et</strong></span> <span class='ocrx_word' id='word_1_85' title='bbox 978 2090 1064 2138; x_wconf 89' lang='lat' dir='ltr'><strong>diuino</strong></span> <span class='ocrx_word' id='word_1_86' title='bbox 1091 2091 1207 2154; x_wconf 81' lang='lat' dir='ltr'><strong>coniugio</strong></span> <span class='ocrx_word' id='word_1_87' title='bbox 1237 2091 1327 2154; x_wconf 88' lang='lat' dir='ltr'><strong>dignus</strong></span> <span class='ocrx_word' id='word_1_88' title='bbox 1356 2089 1469 2140; x_wconf 88' lang='lat' dir='ltr'><strong>babitus.</strong></span> 
     </span>
     <span class='ocr_line' id='line_1_13' title="bbox 340 2151 1470 2225; baseline 0.003 -19"><span class='ocrx_word' id='word_1_89' title='bbox 340 2158 522 2206; x_wconf 89' lang='lat' dir='ltr'><strong>marelicehit.</strong></span> <span class='ocrx_word' id='word_1_90' title='bbox 926 2157 1062 2223; x_wconf 75' lang='lat' dir='ltr'><strong>Euripides</strong></span> <span class='ocrx_word' id='word_1_91' title='bbox 1082 2158 1177 2208; x_wconf 86' lang='lat' dir='ltr'><strong>Troad.</strong></span> <span class='ocrx_word' id='word_1_92' title='bbox 1199 2160 1264 2209; x_wconf 80' lang='lat'>855:</span> <span class='ocrx_word' id='word_1_93' title='bbox 1290 2151 1321 2208; x_wconf 79' lang='grc' dir='ltr'><strong>ὃν</strong></span> <span class='ocrx_word' id='word_1_94' title='bbox 1344 2153 1470 2225; x_wconf 75' lang='grc' dir='ltr'><strong><em>ἀστέρων</em></strong></span> 
     </span>
     <span class='ocr_line' id='line_1_14' title="bbox 392 2220 1470 2295; baseline 0.004 -22"><span class='ocrx_word' id='word_1_95' title='bbox 392 2227 469 2275; x_wconf 80' lang='grc'><strong>5-6.</strong></span> <span class='ocrx_word' id='word_1_96' title='bbox 486 2227 506 2274; x_wconf 84' lang='grc' dir='ltr'>Α</span> <span class='ocrx_word' id='word_1_97' title='bbox 521 2226 664 2289; x_wconf 78' lang='lat' dir='ltr'><strong>geometria</strong></span> <span class='ocrx_word' id='word_1_98' title='bbox 675 2226 839 2291; x_wconf 81' lang='lat' dir='ltr'><strong>progreditur</strong></span> <span class='ocrx_word' id='word_1_99' title='bbox 851 2227 882 2276; x_wconf 91' lang='lat' dir='ltr'><strong>ad</strong></span> <span class='ocrx_word' id='word_1_100' title='bbox 927 2228 1085 2291; x_wconf 71' lang='grc' dir='ltr'><em>τέθριππος</em></span> <span class='ocrx_word' id='word_1_101' title='bbox 1095 2227 1171 2290; x_wconf 78' lang='grc' dir='ltr'><strong><em>ἔλαβε</em></strong></span> <span class='ocrx_word' id='word_1_102' title='bbox 1180 2222 1300 2294; x_wconf 78' lang='grc' dir='ltr'><em>χρύσεος</em></span> <span class='ocrx_word' id='word_1_103' title='bbox 1309 2220 1372 2294; x_wconf 74' lang='grc' dir='ltr'><em>ὄχος</em></span> <span class='ocrx_word' id='word_1_104' title='bbox 1383 2223 1470 2295; x_wconf 75' lang='lat' dir='ltr'><strong>danp-</strong></span> 
     </span>
     <span class='ocr_line' id='line_1_15' title="bbox 341 2290 1467 2362; baseline 0 -18"><span class='ocrx_word' id='word_1_105' title='bbox 341 2295 531 2344; x_wconf 77' lang='lat' dir='ltr'><strong>astrononiam.</strong></span> <span class='ocrx_word' id='word_1_106' title='bbox 926 2290 1030 2352; x_wconf 74' lang='grc' dir='ltr'><strong>πάσας.</strong></span> <span class='ocrx_word' id='word_1_107' title='bbox 1056 2297 1204 2360; x_wconf 78' lang='lat' dir='ltr'><strong>Apollodor.</strong></span> <span class='ocrx_word' id='word_1_108' title='bbox 1220 2297 1253 2346; x_wconf 90' lang='lat' dir='ltr'><strong>itt</strong></span> <span class='ocrx_word' id='word_1_109' title='bbox 1277 2297 1306 2345; x_wconf 92' lang='grc'><strong>12</strong></span> <span class='ocrx_word' id='word_1_110' title='bbox 1322 2300 1348 2344; x_wconf 83' lang='grc'><strong>4.</strong></span> <span class='ocrx_word' id='word_1_111' title='bbox 1377 2296 1467 2362; x_wconf 82' lang='lat' dir='ltr'><strong>Hymn.</strong></span> 
     </span>
     <span class='ocr_line' id='line_1_16' title="bbox 391 2363 1468 2426; baseline 0.001 -15"><span class='ocrx_word' id='word_1_112' title='bbox 391 2365 417 2411; x_wconf 83' lang='lat'><strong>5.</strong></span> <span class='ocrx_word' id='word_1_113' title='bbox 430 2363 883 2413; x_wconf 75' lang='lat' dir='ltr'><strong>aerias—domos.-domnoueta&#39;aa</strong></span> <span class='ocrx_word' id='word_1_114' title='bbox 926 2365 951 2411; x_wconf 95' lang='lat' dir='ltr'><strong>in</strong></span> <span class='ocrx_word' id='word_1_115' title='bbox 971 2363 1036 2413; x_wconf 91' lang='lat' dir='ltr'><strong>Veu.</strong></span> <span class='ocrx_word' id='word_1_116' title='bbox 1058 2365 1215 2414; x_wconf 85' lang='grc'><strong>218-238.</strong></span> <span class='ocrx_word' id='word_1_117' title='bbox 1246 2365 1349 2414; x_wconf 88' lang='lat' dir='ltr'><strong>liesiod.</strong></span> <span class='ocrx_word' id='word_1_118' title='bbox 1369 2363 1468 2426; x_wconf 86' lang='lat' dir='ltr'><strong>Theog.</strong></span> 
     </span>
     <span class='ocr_line' id='line_1_17' title="bbox 342 2431 1467 2496; baseline 0 -16"><span class='ocrx_word' id='word_1_119' title='bbox 342 2431 559 2495; x_wconf 74' lang='lat' dir='ltr'><strong>(bost-Puldate)</strong></span> <span class='ocrx_word' id='word_1_120' title='bbox 579 2439 638 2481; x_wconf 91' lang='lat' dir='ltr'><strong>suut</strong></span> <span class='ocrx_word' id='word_1_121' title='bbox 651 2432 735 2481; x_wconf 84' lang='lat' dir='ltr'><strong>sidera</strong></span> <span class='ocrx_word' id='word_1_122' title='bbox 749 2440 775 2481; x_wconf 91' lang='lat' dir='ltr'><strong>et</strong></span> <span class='ocrx_word' id='word_1_123' title='bbox 788 2432 883 2480; x_wconf 89' lang='lat' dir='ltr'><strong>lumina</strong></span> <span class='ocrx_word' id='word_1_124' title='bbox 926 2432 987 2481; x_wconf 80' lang='lat' dir='ltr'><strong>eet.</strong></span> <span class='ocrx_word' id='word_1_125' title='bbox 1015 2432 1103 2482; x_wconf 89' lang='lat' dir='ltr'><strong>llorut.</strong></span> <span class='ocrx_word' id='word_1_126' title='bbox 1126 2432 1209 2482; x_wconf 82' lang='lat' dir='ltr'><strong>Curru.</strong></span> <span class='ocrx_word' id='word_1_127' title='bbox 1225 2432 1245 2482; x_wconf 93' lang='lat' dir='ltr'><strong>tl</strong></span> <span class='ocrx_word' id='word_1_128' title='bbox 1268 2434 1298 2482; x_wconf 89' lang='grc'><strong>16</strong></span> <span class='ocrx_word' id='word_1_129' title='bbox 1318 2434 1365 2480; x_wconf 86' lang='lat'><strong>30:</strong></span> <span class='ocrx_word' id='word_1_130' title='bbox 1386 2433 1467 2496; x_wconf 82' lang='lat' dir='ltr'><strong>longa</strong></span> 
     </span>
     <span class='ocr_line' id='line_1_18' title="bbox 339 2499 1465 2563; baseline 0.001 -15"><span class='ocrx_word' id='word_1_131' title='bbox 339 2500 434 2549; x_wconf 88' lang='lat' dir='ltr'><strong>maiora</strong></span> <span class='ocrx_word' id='word_1_132' title='bbox 449 2501 500 2563; x_wconf 92' lang='lat' dir='ltr'><strong>(sol</strong></span> <span class='ocrx_word' id='word_1_133' title='bbox 514 2507 540 2548; x_wconf 87' lang='lat' dir='ltr'><strong>et</strong></span> <span class='ocrx_word' id='word_1_134' title='bbox 554 2502 633 2563; x_wconf 87' lang='lat' dir='ltr'><strong>luna),</strong></span> <span class='ocrx_word' id='word_1_135' title='bbox 654 2502 743 2550; x_wconf 85' lang='lat' dir='ltr'><strong>domus</strong></span> <span class='ocrx_word' id='word_1_136' title='bbox 756 2503 882 2550; x_wconf 85' lang='lat' dir='ltr'><strong>caelestes</strong></span> <span class='ocrx_word' id='word_1_137' title='bbox 929 2500 1072 2550; x_wconf 76' lang='lat' dir='ltr'><strong>l’itltannm</strong></span> <span class='ocrx_word' id='word_1_138' title='bbox 1102 2505 1205 2550; x_wconf 71' lang='lat' dir='ltr'><strong>mineat</strong></span> <span class='ocrx_word' id='word_1_139' title='bbox 1238 2505 1360 2549; x_wconf 80' lang='lat' dir='ltr'><strong>reuecta.</strong></span> <span class='ocrx_word' id='word_1_140' title='bbox 1404 2499 1465 2562; x_wconf 88' lang='lat' dir='ltr'><strong>lloc,</strong></span> 
     </span>
     <span class='ocr_line' id='line_1_19' title="bbox 340 2569 1468 2634; baseline 0 -17"><span class='ocrx_word' id='word_1_141' title='bbox 340 2569 441 2619; x_wconf 90' lang='lat' dir='ltr'><strong>sitaein</strong></span> <span class='ocrx_word' id='word_1_142' title='bbox 461 2583 537 2631; x_wconf 87' lang='lat' dir='ltr'><strong>aere,</strong></span> <span class='ocrx_word' id='word_1_143' title='bbox 558 2570 599 2618; x_wconf 92' lang='lat' dir='ltr'><strong>cui</strong></span> <span class='ocrx_word' id='word_1_144' title='bbox 619 2571 705 2618; x_wconf 87' lang='lat' dir='ltr'><strong>statim</strong></span> <span class='ocrx_word' id='word_1_145' title='bbox 724 2571 796 2634; x_wconf 87' lang='lat' dir='ltr'><strong>polus</strong></span> <span class='ocrx_word' id='word_1_146' title='bbox 813 2570 882 2619; x_wconf 87' lang='lat' dir='ltr'><strong>aeris</strong></span> <span class='ocrx_word' id='word_1_147' title='bbox 924 2569 999 2632; x_wconf 85' lang='lat' dir='ltr'><strong>longa</strong></span> <span class='ocrx_word' id='word_1_148' title='bbox 1024 2576 1128 2618; x_wconf 86' lang='lat' dir='ltr'><strong>senecta</strong></span> <span class='ocrx_word' id='word_1_149' title='bbox 1152 2569 1274 2618; x_wconf 84' lang='lat' dir='ltr'><strong>iniuntnrn</strong></span> <span class='ocrx_word' id='word_1_150' title='bbox 1304 2583 1377 2626; x_wconf 85' lang='lat' dir='ltr'><strong>esse,</strong></span> <span class='ocrx_word' id='word_1_151' title='bbox 1403 2583 1468 2618; x_wconf 88' lang='lat' dir='ltr'><strong>nune</strong></span> 
     </span>
     <span class='ocr_line' id='line_1_20' title="bbox 340 2629 1467 2702; baseline 0 -16"><span class='ocrx_word' id='word_1_152' title='bbox 340 2639 462 2686; x_wconf 87' lang='lat' dir='ltr'><strong>terminus</strong></span> <span class='ocrx_word' id='word_1_153' title='bbox 484 2645 510 2686; x_wconf 92' lang='lat' dir='ltr'><strong>et</strong></span> <span class='ocrx_word' id='word_1_154' title='bbox 535 2638 668 2687; x_wconf 86' lang='lat' dir='ltr'><strong>stellarum</strong></span> <span class='ocrx_word' id='word_1_155' title='bbox 696 2640 771 2688; x_wconf 86' lang='lat' dir='ltr'><strong>sedes</strong></span> <span class='ocrx_word' id='word_1_156' title='bbox 790 2639 882 2686; x_wconf 90' lang='lat' dir='ltr'><strong>adinu-</strong></span> <span class='ocrx_word' id='word_1_157' title='bbox 925 2629 1467 2702; x_wconf 78' lang='lat' dir='ltr'><strong>nouc&#39;nranitpoetn,setloccidissedicit‚</strong></span> 
     </span>
     <span class='ocr_line' id='line_1_21' title="bbox 339 2705 1387 2771; baseline -0.001 -17"><span class='ocrx_word' id='word_1_158' title='bbox 339 2705 415 2768; x_wconf 80' lang='lat' dir='ltr'><strong>gitur.</strong></span> <span class='ocrx_word' id='word_1_159' title='bbox 437 2706 574 2771; x_wconf 77' lang='lat' dir='ltr'><strong>Epitheton</strong></span> <span class='ocrx_word' id='word_1_160' title='bbox 593 2711 682 2755; x_wconf 77' lang='lat' dir='ltr'><strong>nerins</strong></span> <span class='ocrx_word' id='word_1_161' title='bbox 697 2723 761 2756; x_wconf 89' lang='lat' dir='ltr'><strong>nnuc</strong></span> <span class='ocrx_word' id='word_1_162' title='bbox 774 2721 882 2769; x_wconf 87' lang='lat' dir='ltr'><strong>gencra—</strong></span> <span class='ocrx_word' id='word_1_163' title='bbox 924 2707 1041 2771; x_wconf 87' lang='lat' dir='ltr'><strong>quamuis</strong></span> <span class='ocrx_word' id='word_1_164' title='bbox 1053 2706 1167 2756; x_wconf 73' lang='lat' dir='ltr'><strong>Ant-orne</strong></span> <span class='ocrx_word' id='word_1_165' title='bbox 1180 2705 1272 2754; x_wconf 90' lang='lat' dir='ltr'><strong>eoninx</strong></span> <span class='ocrx_word' id='word_1_166' title='bbox 1286 2705 1387 2754; x_wconf 83' lang='lat' dir='ltr'><strong>luisset.</strong></span> 
     </span>
     <span class='ocr_line' id='line_1_22' title="bbox 340 2764 1466 2841; baseline 0 -17"><span class='ocrx_word' id='word_1_167' title='bbox 340 2776 382 2824; x_wconf 90' lang='lat' dir='ltr'><strong>tim</strong></span> <span class='ocrx_word' id='word_1_168' title='bbox 401 2783 473 2825; x_wconf 87' lang='lat' dir='ltr'><strong>notat</strong></span> <span class='ocrx_word' id='word_1_169' title='bbox 491 2776 611 2840; x_wconf 85' lang='lat' dir='ltr'><strong>quicquid</strong></span> <span class='ocrx_word' id='word_1_170' title='bbox 632 2790 709 2841; x_wconf 89' lang='lat' dir='ltr'><strong>supra</strong></span> <span class='ocrx_word' id='word_1_171' title='bbox 732 2782 835 2826; x_wconf 82' lang='lat' dir='ltr'><strong>terram</strong></span> <span class='ocrx_word' id='word_1_172' title='bbox 855 2783 882 2825; x_wconf 89' lang='lat' dir='ltr'><strong>ct</strong></span> <span class='ocrx_word' id='word_1_173' title='bbox 977 2776 1002 2825; x_wconf 88' lang='grc'><strong>9.</strong></span> <span class='ocrx_word' id='word_1_174' title='bbox 1017 2778 1207 2825; x_wconf 77' lang='lat' dir='ltr'><strong>Iaeaiaarcam&#39;s</strong></span> <span class='ocrx_word' id='word_1_175' title='bbox 1219 2764 1466 2825; x_wconf 67' lang='lat' dir='ltr'><strong>ttv‘atuadmnsna:</strong></span> 
     </span>
     <span class='ocr_line' id='line_1_23' title="bbox 339 2843 1467 2909; baseline -0.002 -16"><span class='ocrx_word' id='word_1_176' title='bbox 339 2860 414 2894; x_wconf 85' lang='lat' dir='ltr'><strong>mara</strong></span> <span class='ocrx_word' id='word_1_177' title='bbox 433 2845 528 2893; x_wconf 84' lang='lat' dir='ltr'><strong>elatum</strong></span> <span class='ocrx_word' id='word_1_178' title='bbox 548 2852 597 2893; x_wconf 89' lang='lat' dir='ltr'><strong>est.</strong></span> <span class='ocrx_word' id='word_1_179' title='bbox 625 2843 767 2894; x_wconf 84' lang='lat' dir='ltr'><strong>Meiuchius</strong></span> <span class='ocrx_word' id='word_1_180' title='bbox 792 2846 880 2894; x_wconf 83' lang='lat' dir='ltr'><strong>aethe-</strong></span> <span class='ocrx_word' id='word_1_181' title='bbox 924 2859 1073 2909; x_wconf 86' lang='lat' dir='ltr'><strong>quamquam</strong></span> <span class='ocrx_word' id='word_1_182' title='bbox 1091 2859 1187 2895; x_wconf 89' lang='lat' dir='ltr'><strong>arcana</strong></span> <span class='ocrx_word' id='word_1_183' title='bbox 1205 2843 1467 2907; x_wconf 89' lang='lat' dir='ltr'><strong>consiliusualnppi·</strong></span> 
     </span>
     <span class='ocr_line' id='line_1_24' title="bbox 339 2912 1467 2977; baseline -0.002 -15"><span class='ocrx_word' id='word_1_184' title='bbox 339 2916 395 2962; x_wconf 79' lang='lat' dir='ltr'><strong>rias</strong></span> <span class='ocrx_word' id='word_1_185' title='bbox 408 2913 526 2962; x_wconf 89' lang='lat' dir='ltr'><strong>coniecit.</strong></span> <span class='ocrx_word' id='word_1_186' title='bbox 597 2912 737 2963; x_wconf 72' lang='lat' dir='ltr'><strong>Hateriano</strong></span> <span class='ocrx_word' id='word_1_187' title='bbox 747 2914 828 2977; x_wconf 81' lang='lat' dir='ltr'><strong>palm</strong></span> <span class='ocrx_word' id='word_1_188' title='bbox 841 2920 882 2963; x_wconf 86' lang='lat' dir='ltr'><strong>est</strong></span> <span class='ocrx_word' id='word_1_189' title='bbox 923 2920 964 2961; x_wconf 88' lang='lat' dir='ltr'><strong>ter</strong></span> <span class='ocrx_word' id='word_1_190' title='bbox 977 2922 1002 2962; x_wconf 89' lang='lat' dir='ltr'><strong>ct</strong></span> <span class='ocrx_word' id='word_1_191' title='bbox 1019 2915 1087 2976; x_wconf 84' lang='lat' dir='ltr'><strong>leges</strong></span> <span class='ocrx_word' id='word_1_192' title='bbox 1101 2912 1266 2963; x_wconf 85' lang='lat' dir='ltr'><strong>Cretensibus</strong></span> <span class='ocrx_word' id='word_1_193' title='bbox 1287 2912 1383 2961; x_wconf 88' lang='lat' dir='ltr'><strong>dandas</strong></span> <span class='ocrx_word' id='word_1_194' title='bbox 1402 2927 1467 2961; x_wconf 84' lang='lat' dir='ltr'><strong>corn-</strong></span> 
     </span>
     <span class='ocr_line' id='line_1_25' title="bbox 339 2980 1464 3047; baseline -0.002 -16"><span class='ocrx_word' id='word_1_195' title='bbox 339 2981 436 3031; x_wconf 88' lang='lat' dir='ltr'><strong>cuelum</strong></span> <span class='ocrx_word' id='word_1_196' title='bbox 456 2982 481 3030; x_wconf 92' lang='lat' dir='ltr'><strong>iu</strong></span> <span class='ocrx_word' id='word_1_197' title='bbox 504 2980 610 3030; x_wconf 76' lang='lat' dir='ltr'><strong>formam</strong></span> <span class='ocrx_word' id='word_1_198' title='bbox 628 2983 799 3031; x_wconf 82' lang='lat' dir='ltr'><strong>concamerati</strong></span> <span class='ocrx_word' id='word_1_199' title='bbox 819 2982 881 3031; x_wconf 90' lang='lat' dir='ltr'><strong>tecti</strong></span> <span class='ocrx_word' id='word_1_200' title='bbox 923 2982 1110 3031; x_wconf 72' lang='lat' dir='ltr'><strong>nunicauenat.</strong></span> <span class='ocrx_word' id='word_1_201' title='bbox 1136 2982 1237 3031; x_wconf 78' lang='lat' dir='ltr'><strong>Hosner.</strong></span> <span class='ocrx_word' id='word_1_202' title='bbox 1258 2980 1351 3047; x_wconf 79' lang='lat' dir='ltr'><strong>Odyss.</strong></span> <span class='ocrx_word' id='word_1_203' title='bbox 1372 2998 1388 3029; x_wconf 88' lang='grc' dir='ltr'><em>τ</em></span> <span class='ocrx_word' id='word_1_204' title='bbox 1402 2981 1464 3030; x_wconf 76' lang='lat'>178:</span> 
     </span>
     <span class='ocr_line' id='line_1_26' title="bbox 338 3040 1465 3117; baseline -0.001 -19"><span class='ocrx_word' id='word_1_205' title='bbox 338 3064 434 3099; x_wconf 88' lang='lat' dir='ltr'><strong>cauum.</strong></span> <span class='ocrx_word' id='word_1_206' title='bbox 491 3056 652 3112; x_wconf 72' lang='lat' dir='ltr'><strong>temptatae:</strong></span> <span class='ocrx_word' id='word_1_207' title='bbox 680 3052 726 3099; x_wconf 92' lang='lat' dir='ltr'><strong>hoc</strong></span> <span class='ocrx_word' id='word_1_208' title='bbox 746 3050 836 3099; x_wconf 80' lang='lat' dir='ltr'><strong>iontem</strong></span> <span class='ocrx_word' id='word_1_209' title='bbox 854 3056 881 3099; x_wconf 91' lang='lat' dir='ltr'><strong>et</strong></span> <span class='ocrx_word' id='word_1_210' title='bbox 924 3054 997 3099; x_wconf 85' lang='grc' dir='ltr'><strong><em>τοῖσι</em></strong></span> <span class='ocrx_word' id='word_1_211' title='bbox 1015 3045 1039 3099; x_wconf 83' lang='lat' dir='ltr'><strong>d’</strong></span> <span class='ocrx_word' id='word_1_212' title='bbox 1054 3049 1095 3101; x_wconf 82' lang='grc' dir='ltr'><strong>ίνὶ</strong></span> <span class='ocrx_word' id='word_1_213' title='bbox 1107 3044 1237 3109; x_wconf 84' lang='grc' dir='ltr'><strong><em>Κνωσός,</em></strong></span> <span class='ocrx_word' id='word_1_214' title='bbox 1257 3042 1364 3117; x_wconf 76' lang='grc' dir='ltr'><em>μεγάλη</em></span> <span class='ocrx_word' id='word_1_215' title='bbox 1377 3040 1465 3108; x_wconf 81' lang='grc' dir='ltr'><strong><em>πόλις,</em></strong></span> 
     </span>
     <span class='ocr_line' id='line_1_27' title="bbox 339 3117 1467 3183; baseline 0 -16"><span class='ocrx_word' id='word_1_216' title='bbox 339 3119 457 3167; x_wconf 80' lang='lat' dir='ltr'><strong>audacem</strong></span> <span class='ocrx_word' id='word_1_217' title='bbox 471 3119 629 3183; x_wconf 78' lang='lat' dir='ltr'><strong>explorantis</strong></span> <span class='ocrx_word' id='word_1_218' title='bbox 643 3121 751 3169; x_wconf 81' lang='lat' dir='ltr'><strong>anianum</strong></span> <span class='ocrx_word' id='word_1_219' title='bbox 765 3120 878 3168; x_wconf 87' lang='lat' dir='ltr'><strong>denotat.</strong></span> <span class='ocrx_word' id='word_1_220' title='bbox 923 3117 993 3168; x_wconf 75' lang='grc' dir='ltr'><strong><em>ἔνθα</em></strong></span> <span class='ocrx_word' id='word_1_221' title='bbox 1015 3134 1044 3168; x_wconf 86' lang='grc' dir='ltr'><strong>τε</strong></span> <span class='ocrx_word' id='word_1_222' title='bbox 1063 3122 1166 3176; x_wconf 86' lang='grc' dir='ltr'><strong><em>Μίνως</em></strong></span> <span class='ocrx_word' id='word_1_223' title='bbox 1186 3118 1317 3183; x_wconf 73' lang='grc' dir='ltr'><strong><em>ἐννέωρος</em></strong></span> <span class='ocrx_word' id='word_1_224' title='bbox 1336 3118 1467 3183; x_wconf 77' lang='grc' dir='ltr'><strong><em>βασίλευε</em></strong></span> 
     </span>
     <span class='ocr_line' id='line_1_28' title="bbox 286 3181 1278 3255; baseline -0.002 -16"><span class='ocrx_word' id='word_1_225' title='bbox 286 3234 289 3239; x_wconf 95' lang='grc'><strong>.</strong></span> <span class='ocrx_word' id='word_1_226' title='bbox 339 3186 421 3236; x_wconf 79' lang='lat' dir='ltr'><strong>Tacit.</strong></span> <span class='ocrx_word' id='word_1_227' title='bbox 436 3186 522 3236; x_wconf 87' lang='lat' dir='ltr'><strong>Germ.</strong></span> <span class='ocrx_word' id='word_1_228' title='bbox 539 3188 586 3237; x_wconf 72' lang='lat'><strong>342</strong></span> <span class='ocrx_word' id='word_1_229' title='bbox 606 3192 694 3252; x_wconf 73' lang='lat' dir='ltr'><strong>ipsam</strong></span> <span class='ocrx_word' id='word_1_230' title='bbox 715 3193 779 3253; x_wconf 77' lang='lat' dir='ltr'><strong>quin</strong></span> <span class='ocrx_word' id='word_1_231' title='bbox 800 3188 881 3238; x_wconf 88' lang='lat' dir='ltr'><strong>Ocea·</strong></span> <span class='ocrx_word' id='word_1_232' title='bbox 923 3182 991 3243; x_wconf 85' lang='grc' dir='ltr'><strong><em>Διὸς</em></strong></span> <span class='ocrx_word' id='word_1_233' title='bbox 1002 3182 1125 3255; x_wconf 75' lang='grc' dir='ltr'><em>μεγάλου</em></span> <span class='ocrx_word' id='word_1_234' title='bbox 1137 3181 1278 3253; x_wconf 73' lang='grc' dir='ltr'><strong><em>ὀαριστής.</em></strong></span> 
     </span>
     <span class='ocr_line' id='line_1_29' title="bbox 338 3256 1464 3321; baseline 0.001 -17"><span class='ocrx_word' id='word_1_235' title='bbox 338 3272 400 3304; x_wconf 86' lang='lat' dir='ltr'><strong>uam</strong></span> <span class='ocrx_word' id='word_1_236' title='bbox 419 3257 471 3305; x_wconf 80' lang='lat' dir='ltr'><strong>itta</strong></span> <span class='ocrx_word' id='word_1_237' title='bbox 492 3260 695 3319; x_wconf 78' lang='lat' dir='ltr'><strong>temptauimus.</strong></span> <span class='ocrx_word' id='word_1_238' title='bbox 721 3256 798 3319; x_wconf 88' lang='lat' dir='ltr'><strong>iunge</strong></span> <span class='ocrx_word' id='word_1_239' title='bbox 821 3259 880 3305; x_wconf 82' lang='lat' dir='ltr'><strong>ani·</strong></span> <span class='ocrx_word' id='word_1_240' title='bbox 975 3257 1079 3305; x_wconf 85' lang='lat'>9-15.</span> <span class='ocrx_word' id='word_1_241' title='bbox 1109 3259 1261 3321; x_wconf 74' lang='lat' dir='ltr'><strong>habentque</strong></span> <span class='ocrx_word' id='word_1_242' title='bbox 1282 3284 1315 3293; x_wconf 99' lang='lat'><em>-</em></span> <span class='ocrx_word' id='word_1_243' title='bbox 1337 3259 1464 3321; x_wconf 79' lang='lat' dir='ltr'><strong>uerique:</strong></span> 
     </span>
     <span class='ocr_line' id='line_1_30' title="bbox 337 3323 1467 3391; baseline -0.001 -18"><span class='ocrx_word' id='word_1_244' title='bbox 337 3340 432 3388; x_wconf 79' lang='lat' dir='ltr'><strong>meque</strong></span> <span class='ocrx_word' id='word_1_245' title='bbox 449 3328 601 3384; x_wconf 80' lang='lat' dir='ltr'><strong>moritura,</strong></span> <span class='ocrx_word' id='word_1_246' title='bbox 620 3340 668 3373; x_wconf 93' lang='lat' dir='ltr'><strong>non</strong></span> <span class='ocrx_word' id='word_1_247' title='bbox 686 3326 739 3375; x_wconf 75' lang='lat' dir='ltr'><strong>etot</strong></span> <span class='ocrx_word' id='word_1_248' title='bbox 750 3352 781 3361; x_wconf 99' lang='lat'>-</span> <span class='ocrx_word' id='word_1_249' title='bbox 796 3328 880 3375; x_wconf 82' lang='lat' dir='ltr'><strong>mori-</strong></span> <span class='ocrx_word' id='word_1_250' title='bbox 922 3324 948 3372; x_wconf 94' lang='lat' dir='ltr'><strong>in</strong></span> <span class='ocrx_word' id='word_1_251' title='bbox 961 3323 1105 3391; x_wconf 77' lang='lat' dir='ltr'><strong>Pythagora</strong></span> <span class='ocrx_word' id='word_1_252' title='bbox 1124 3334 1149 3376; x_wconf 91' lang='lat' dir='ltr'><strong>et</strong></span> <span class='ocrx_word' id='word_1_253' title='bbox 1170 3326 1268 3375; x_wconf 90' lang='lat' dir='ltr'><strong>diutins</strong></span> <span class='ocrx_word' id='word_1_254' title='bbox 1281 3333 1417 3387; x_wconf 86' lang='lat' dir='ltr'><strong>uersatur,</strong></span> <span class='ocrx_word' id='word_1_255' title='bbox 1437 3331 1467 3373; x_wconf 89' lang='lat' dir='ltr'><strong>ut</strong></span> 
     </span>
     <span class='ocr_line' id='line_1_31' title="bbox 337 3393 1465 3459; baseline -0.001 -17"><span class='ocrx_word' id='word_1_256' title='bbox 337 3398 418 3443; x_wconf 83' lang='lat' dir='ltr'><strong>tara:</strong></span> <span class='ocrx_word' id='word_1_257' title='bbox 438 3408 495 3442; x_wconf 89' lang='lat' dir='ltr'><strong>uam</strong></span> <span class='ocrx_word' id='word_1_258' title='bbox 509 3394 556 3442; x_wconf 94' lang='lat' dir='ltr'><strong>boc</strong></span> <span class='ocrx_word' id='word_1_259' title='bbox 569 3394 590 3442; x_wconf 86' lang='lat' dir='ltr'><strong>si</strong></span> <span class='ocrx_word' id='word_1_260' title='bbox 604 3400 690 3456; x_wconf 82' lang='lat' dir='ltr'><strong>essct,</strong></span> <span class='ocrx_word' id='word_1_261' title='bbox 708 3410 755 3442; x_wconf 91' lang='lat' dir='ltr'><strong>uon</strong></span> <span class='ocrx_word' id='word_1_262' title='bbox 768 3394 882 3457; x_wconf 76' lang='lat' dir='ltr'><strong>prodeat</strong></span> <span class='ocrx_word' id='word_1_263' title='bbox 923 3393 948 3441; x_wconf 95' lang='lat' dir='ltr'><strong>in</strong></span> <span class='ocrx_word' id='word_1_264' title='bbox 960 3394 1055 3443; x_wconf 85' lang='lat' dir='ltr'><strong>celebri</strong></span> <span class='ocrx_word' id='word_1_265' title='bbox 1066 3403 1170 3444; x_wconf 87' lang='lat' dir='ltr'><strong>auctore</strong></span> <span class='ocrx_word' id='word_1_266' title='bbox 1182 3404 1267 3443; x_wconf 73' lang='lat' dir='ltr'><strong>sectere</strong></span> <span class='ocrx_word' id='word_1_267' title='bbox 1278 3409 1351 3459; x_wconf 86' lang='lat' dir='ltr'><strong>qnam</strong></span> <span class='ocrx_word' id='word_1_268' title='bbox 1362 3400 1465 3442; x_wconf 86' lang='lat' dir='ltr'><strong>secutus</strong></span> 
     </span>
     <span class='ocr_line' id='line_1_32' title="bbox 338 3460 1466 3528; baseline -0.002 -17"><span class='ocrx_word' id='word_1_269' title='bbox 338 3462 379 3511; x_wconf 87' lang='lat' dir='ltr'><strong>sed</strong></span> <span class='ocrx_word' id='word_1_270' title='bbox 390 3463 506 3527; x_wconf 72' lang='lat' dir='ltr'><strong>profuit</strong></span> <span class='ocrx_word' id='word_1_271' title='bbox 516 3463 671 3525; x_wconf 85' lang='lat' dir='ltr'><strong>praecedere</strong></span> <span class='ocrx_word' id='word_1_272' title='bbox 682 3463 779 3511; x_wconf 82' lang='lat' dir='ltr'><strong>debuit.</strong></span> <span class='ocrx_word' id='word_1_273' title='bbox 923 3468 962 3510; x_wconf 86' lang='lat' dir='ltr'><strong>est</strong></span> <span class='ocrx_word' id='word_1_274' title='bbox 976 3463 1109 3527; x_wconf 79' lang='lat' dir='ltr'><strong>Archytas.</strong></span> <span class='ocrx_word' id='word_1_275' title='bbox 1186 3463 1356 3511; x_wconf 78' lang='lat' dir='ltr'><strong>Panthoiden</strong></span> <span class='ocrx_word' id='word_1_276' title='bbox 1372 3460 1466 3528; x_wconf 76' lang='lat' dir='ltr'><strong>Pytho·</strong></span> 
     </span>
     <span class='ocr_line' id='line_1_33' title="bbox 377 3530 1465 3595; baseline 0 -17"><span class='ocrx_word' id='word_1_277' title='bbox 377 3531 493 3579; x_wconf 82' lang='lat' dir='ltr'><strong>.i-15.</strong></span> <span class='ocrx_word' id='word_1_278' title='bbox 513 3530 603 3593; x_wconf 86' lang='lat' dir='ltr'><strong>Pergit</strong></span> <span class='ocrx_word' id='word_1_279' title='bbox 621 3531 709 3580; x_wconf 88' lang='lat' dir='ltr'><strong>umbra</strong></span> <span class='ocrx_word' id='word_1_280' title='bbox 728 3544 879 3580; x_wconf 85' lang='lat' dir='ltr'><strong>enumerare</strong></span> <span class='ocrx_word' id='word_1_281' title='bbox 922 3545 1009 3592; x_wconf 82' lang='lat' dir='ltr'><strong>goram</strong></span> <span class='ocrx_word' id='word_1_282' title='bbox 1023 3531 1163 3595; x_wconf 85' lang='lat' dir='ltr'><strong>appellauit</strong></span> <span class='ocrx_word' id='word_1_283' title='bbox 1176 3539 1278 3581; x_wconf 83' lang='lat' dir='ltr'><strong>secutus</strong></span> <span class='ocrx_word' id='word_1_284' title='bbox 1293 3530 1401 3592; x_wconf 81' lang='lat' dir='ltr'><strong>tarnum,</strong></span> <span class='ocrx_word' id='word_1_285' title='bbox 1416 3544 1465 3594; x_wconf 85' lang='lat' dir='ltr'><strong>qua</strong></span> 
     </span>
     <span class='ocr_line' id='line_1_34' title="bbox 337 3597 1464 3664; baseline -0.002 -17"><span class='ocrx_word' id='word_1_286' title='bbox 337 3599 401 3647; x_wconf 87' lang='lat' dir='ltr'><strong>aiios</strong></span> <span class='ocrx_word' id='word_1_287' title='bbox 431 3600 544 3661; x_wconf 82' lang='lat' dir='ltr'><strong>insigues</strong></span> <span class='ocrx_word' id='word_1_288' title='bbox 574 3599 659 3660; x_wconf 82' lang='lat' dir='ltr'><strong>uiros,</strong></span> <span class='ocrx_word' id='word_1_289' title='bbox 690 3599 732 3664; x_wconf 86' lang='lat' dir='ltr'><strong>qni</strong></span> <span class='ocrx_word' id='word_1_290' title='bbox 763 3600 879 3663; x_wconf 85' lang='lat' dir='ltr'><strong>quamuis</strong></span> <span class='ocrx_word' id='word_1_291' title='bbox 923 3597 1081 3664; x_wconf 80' lang='lat' dir='ltr'><strong>Pythagoras</strong></span> <span class='ocrx_word' id='word_1_292' title='bbox 1101 3599 1202 3647; x_wconf 88' lang='lat' dir='ltr'><strong>habitus</strong></span> <span class='ocrx_word' id='word_1_293' title='bbox 1220 3606 1259 3649; x_wconf 89' lang='lat' dir='ltr'><strong>est</strong></span> <span class='ocrx_word' id='word_1_294' title='bbox 1272 3614 1316 3663; x_wconf 91' lang='lat' dir='ltr'><strong>pro</strong></span> <span class='ocrx_word' id='word_1_295' title='bbox 1330 3598 1464 3662; x_wconf 87' lang='lat' dir='ltr'><strong>Euphorbo</strong></span> 
     </span>
     <span class='ocr_line' id='line_1_35' title="bbox 336 3664 1466 3732; baseline -0.002 -17"><span class='ocrx_word' id='word_1_296' title='bbox 336 3668 469 3732; x_wconf 88' lang='lat' dir='ltr'><strong>praecipuo</strong></span> <span class='ocrx_word' id='word_1_297' title='bbox 492 3668 596 3716; x_wconf 89' lang='lat' dir='ltr'><strong>deorum</strong></span> <span class='ocrx_word' id='word_1_298' title='bbox 617 3668 705 3719; x_wconf 80' lang='lat' dir='ltr'><strong>lauare</strong></span> <span class='ocrx_word' id='word_1_299' title='bbox 727 3669 878 3730; x_wconf 73' lang='lat' dir='ltr'><strong>gauderent,</strong></span> <span class='ocrx_word' id='word_1_300' title='bbox 922 3665 1073 3729; x_wconf 77' lang='lat' dir='ltr'><strong>Phoibaion,</strong></span> <span class='ocrx_word' id='word_1_301' title='bbox 1088 3664 1280 3731; x_wconf 84' lang='lat' dir='ltr'><strong>qneiuTroiauo</strong></span> <span class='ocrx_word' id='word_1_302' title='bbox 1294 3666 1466 3715; x_wconf 88' lang='lat' dir='ltr'><strong>bellooccidit</strong></span> 
     </span>
     <span class='ocr_line' id='line_1_36' title="bbox 335 3732 1463 3801; baseline -0.003 -17"><span class='ocrx_word' id='word_1_303' title='bbox 335 3742 416 3785; x_wconf 67' lang='lat' dir='ltr'><strong>nmen</strong></span> <span class='ocrx_word' id='word_1_304' title='bbox 431 3742 537 3784; x_wconf 87' lang='lat' dir='ltr'><strong>mortem</strong></span> <span class='ocrx_word' id='word_1_305' title='bbox 551 3737 737 3801; x_wconf 83' lang='lat' dir='ltr'><strong>oppetiucrunt.</strong></span> <span class='ocrx_word' id='word_1_306' title='bbox 753 3735 802 3799; x_wconf 81' lang='lat' dir='ltr'><strong>Qui</strong></span> <span class='ocrx_word' id='word_1_307' title='bbox 817 3736 879 3785; x_wconf 90' lang='lat' dir='ltr'><strong>haec</strong></span> <span class='ocrx_word' id='word_1_308' title='bbox 922 3733 1055 3784; x_wconf 83' lang='lat' dir='ltr'><strong>Menelaus</strong></span> <span class='ocrx_word' id='word_1_309' title='bbox 1068 3735 1152 3797; x_wconf 79' lang='lat' dir='ltr'><strong>(Hom.</strong></span> <span class='ocrx_word' id='word_1_310' title='bbox 1168 3734 1197 3783; x_wconf 92' lang='grc' dir='ltr'><strong>ΙΙ.</strong></span> <span class='ocrx_word' id='word_1_311' title='bbox 1213 3738 1245 3783; x_wconf 88' lang='grc' dir='ltr'><strong>ΙΙ</strong></span> <span class='ocrx_word' id='word_1_312' title='bbox 1256 3734 1314 3792; x_wconf 83' lang='grc'>808,</span> <span class='ocrx_word' id='word_1_313' title='bbox 1331 3732 1463 3797; x_wconf 85' lang='lat' dir='ltr'><strong>P9sqq.).</strong></span> 
     </span>
     <span class='ocr_line' id='line_1_37' title="bbox 335 3802 1466 3870; baseline -0.002 -17"><span class='ocrx_word' id='word_1_314' title='bbox 335 3804 462 3870; x_wconf 74' lang='lat' dir='ltr'><strong>Archytae</strong></span> <span class='ocrx_word' id='word_1_315' title='bbox 476 3805 601 3865; x_wconf 83' lang='lat' dir='ltr'><strong>tribuunt,</strong></span> <span class='ocrx_word' id='word_1_316' title='bbox 619 3807 880 3867; x_wconf 80' lang='lat' dir='ltr'><strong>redarguunturuer-</strong></span> <span class='ocrx_word' id='word_1_317' title='bbox 922 3802 1053 3867; x_wconf 77' lang='lat' dir='ltr'><strong>Euphorbi</strong></span> <span class='ocrx_word' id='word_1_318' title='bbox 1074 3805 1157 3852; x_wconf 88' lang='lat' dir='ltr'><strong>uuimu</strong></span> <span class='ocrx_word' id='word_1_319' title='bbox 1178 3802 1246 3851; x_wconf 89' lang='lat' dir='ltr'><strong>eaesi</strong></span> <span class='ocrx_word' id='word_1_320' title='bbox 1267 3803 1390 3851; x_wconf 85' lang='lat' dir='ltr'><strong>translata</strong></span> <span class='ocrx_word' id='word_1_321' title='bbox 1413 3803 1466 3867; x_wconf 92' lang='lat' dir='ltr'><strong>pri-</strong></span> 
     </span>
     <span class='ocr_line' id='line_1_38' title="bbox 335 3869 1465 3937; baseline -0.002 -16"><span class='ocrx_word' id='word_1_322' title='bbox 335 3871 373 3921; x_wconf 89' lang='lat' dir='ltr'><strong>bis</strong></span> <span class='ocrx_word' id='word_1_323' title='bbox 390 3873 428 3937; x_wconf 92' lang='lat' dir='ltr'><strong>(u.</strong></span> <span class='ocrx_word' id='word_1_324' title='bbox 444 3874 502 3931; x_wconf 78' lang='lat' dir='ltr'><strong>iti:</strong></span> <span class='ocrx_word' id='word_1_325' title='bbox 523 3874 614 3922; x_wconf 81' lang='lat' dir='ltr'><strong>indice</strong></span> <span class='ocrx_word' id='word_1_326' title='bbox 633 3880 661 3923; x_wconf 88' lang='lat' dir='ltr'><strong>te</strong></span> <span class='ocrx_word' id='word_1_327' title='bbox 679 3888 732 3923; x_wconf 89' lang='lat' dir='ltr'><strong>non</strong></span> <span class='ocrx_word' id='word_1_328' title='bbox 750 3874 879 3933; x_wconf 68' lang='lat' dir='ltr'><strong>sordidae</strong></span> <span class='ocrx_word' id='word_1_329' title='bbox 921 3887 987 3920; x_wconf 89' lang='lat' dir='ltr'><strong>mum</strong></span> <span class='ocrx_word' id='word_1_330' title='bbox 1001 3872 1026 3921; x_wconf 92' lang='lat' dir='ltr'><strong>in</strong></span> <span class='ocrx_word' id='word_1_331' title='bbox 1038 3872 1090 3921; x_wconf 87' lang='lat' dir='ltr'><strong>adia</strong></span> <span class='ocrx_word' id='word_1_332' title='bbox 1103 3886 1219 3937; x_wconf 85' lang='lat' dir='ltr'><strong>corporo,</strong></span> <span class='ocrx_word' id='word_1_333' title='bbox 1235 3878 1286 3919; x_wconf 86' lang='lat' dir='ltr'><strong>turn</strong></span> <span class='ocrx_word' id='word_1_334' title='bbox 1300 3870 1325 3919; x_wconf 92' lang='lat' dir='ltr'><strong>iu</strong></span> <span class='ocrx_word' id='word_1_335' title='bbox 1337 3869 1465 3937; x_wconf 83' lang='lat' dir='ltr'><strong>Pythago-</strong></span> 
     </span>
    </p>
   </div>
   <div class='ocr_carea' id='block_1_6' title="bbox 249 3938 1465 4006">
    <p class='ocr_par' dir='ltr' id='par_1_6' title="bbox 249 3938 1465 4006">
     <span class='ocr_line' id='line_1_39' title="bbox 249 3938 1465 4006; baseline -0.002 -16"><span class='ocrx_word' id='word_1_336' title='bbox 249 3952 255 3974; x_wconf 82' lang='lat'>⁴</span> <span class='ocrx_word' id='word_1_337' title='bbox 335 3948 431 3992; x_wconf 83' lang='lat' dir='ltr'><strong>auctor</strong></span> <span class='ocrx_word' id='word_1_338' title='bbox 444 3946 561 3990; x_wconf 77' lang='lat' dir='ltr'><strong>natrarae</strong></span> <span class='ocrx_word' id='word_1_339' title='bbox 575 3946 703 4006; x_wconf 76' lang='lat' dir='ltr'><strong>aerique,</strong></span> <span class='ocrx_word' id='word_1_340' title='bbox 724 3956 789 4006; x_wconf 88' lang='lat' dir='ltr'><strong>quae</strong></span> <span class='ocrx_word' id='word_1_341' title='bbox 808 3942 878 3990; x_wconf 89' lang='lat' dir='ltr'><strong>dicta</strong></span> <span class='ocrx_word' id='word_1_342' title='bbox 922 3956 985 3989; x_wconf 89' lang='lat' dir='ltr'><strong>ram.</strong></span> <span class='ocrx_word' id='word_1_343' title='bbox 1008 3940 1133 4002; x_wconf 81' lang='lat' dir='ltr'><strong>Diogenes</strong></span> <span class='ocrx_word' id='word_1_344' title='bbox 1147 3940 1176 3989; x_wconf 86' lang='lat' dir='ltr'><strong>L.</strong></span> <span class='ocrx_word' id='word_1_345' title='bbox 1189 3938 1245 3988; x_wconf 86' lang='lat' dir='ltr'><strong>Vidi</strong></span> <span class='ocrx_word' id='word_1_346' title='bbox 1261 3938 1274 4003; x_wconf 72' lang='grc' dir='ltr'><strong>ξ</strong></span> <span class='ocrx_word' id='word_1_347' title='bbox 1288 3940 1364 3988; x_wconf 83' lang='grc'><strong>4-5.</strong></span> <span class='ocrx_word' id='word_1_348' title='bbox 1387 3938 1465 3987; x_wconf 88' lang='lat' dir='ltr'><strong>Scho-</strong></span> 
     </span>
    </p>
   </div>
   <div class='ocr_carea' id='block_1_7' title="bbox 331 4006 1465 4763">
    <p class='ocr_par' dir='ltr' id='par_1_7' title="bbox 331 4006 1465 4763">
     <span class='ocr_line' id='line_1_40' title="bbox 335 4006 1464 4077; baseline 0 -20"><span class='ocrx_word' id='word_1_349' title='bbox 335 4017 392 4058; x_wconf 88' lang='lat' dir='ltr'><strong>sunt</strong></span> <span class='ocrx_word' id='word_1_350' title='bbox 421 4010 452 4059; x_wconf 89' lang='lat' dir='ltr'><strong>ud</strong></span> <span class='ocrx_word' id='word_1_351' title='bbox 486 4010 672 4077; x_wconf 78' lang='lat' dir='ltr'><strong>Pythagoricae</strong></span> <span class='ocrx_word' id='word_1_352' title='bbox 702 4011 878 4076; x_wconf 84' lang='lat' dir='ltr'><strong>philosophiae</strong></span> <span class='ocrx_word' id='word_1_353' title='bbox 921 4009 1000 4059; x_wconf 88' lang='lat' dir='ltr'><strong>liasta</strong></span> <span class='ocrx_word' id='word_1_354' title='bbox 1021 4010 1138 4074; x_wconf 88' lang='lat' dir='ltr'><strong>Sophocl.</strong></span> <span class='ocrx_word' id='word_1_355' title='bbox 1160 4007 1257 4058; x_wconf 79' lang='lat' dir='ltr'><strong>Electa.</strong></span> <span class='ocrx_word' id='word_1_356' title='bbox 1279 4008 1321 4058; x_wconf 86' lang='grc'><strong>62.</strong></span> <span class='ocrx_word' id='word_1_357' title='bbox 1354 4006 1464 4057; x_wconf 81' lang='lat' dir='ltr'><strong>Ouidius</strong></span> 
     </span>
     <span class='ocr_line' id='line_1_41' title="bbox 334 4074 1464 4146; baseline -0.002 -19"><span class='ocrx_word' id='word_1_358' title='bbox 334 4086 483 4128; x_wconf 67' lang='lat' dir='ltr'><strong>secutorem</strong></span> <span class='ocrx_word' id='word_1_359' title='bbox 493 4078 877 4146; x_wconf 79' lang='lat' dir='ltr'><strong>etexistimatorcrnhrehytaa.</strong></span> <span class='ocrx_word' id='word_1_360' title='bbox 921 4074 983 4127; x_wconf 83' lang='lat' dir='ltr'><strong>liet.</strong></span> <span class='ocrx_word' id='word_1_361' title='bbox 1023 4076 1072 4128; x_wconf 88' lang='lat' dir='ltr'><strong>XV</strong></span> <span class='ocrx_word' id='word_1_362' title='bbox 1103 4078 1161 4127; x_wconf 88' lang='lat'>153.</span> <span class='ocrx_word' id='word_1_363' title='bbox 1210 4075 1337 4127; x_wconf 85' lang='lat' dir='ltr'><strong>Maximus</strong></span> <span class='ocrx_word' id='word_1_364' title='bbox 1369 4075 1464 4144; x_wconf 83' lang='lat' dir='ltr'><strong>Tyrius</strong></span> 
     </span>
     <span class='ocr_line' id='line_1_42' title="bbox 383 4144 1023 4211; baseline 0 -16"><span class='ocrx_word' id='word_1_365' title='bbox 383 4149 408 4197; x_wconf 86' lang='grc'><strong>7.</strong></span> <span class='ocrx_word' id='word_1_366' title='bbox 428 4148 667 4211; x_wconf 74' lang='lat' dir='ltr'><strong>Pelopicgenitor,</strong></span> <span class='ocrx_word' id='word_1_367' title='bbox 685 4153 801 4197; x_wconf 78' lang='lat' dir='ltr'><strong>conatae</strong></span> <span class='ocrx_word' id='word_1_368' title='bbox 817 4148 878 4197; x_wconf 83' lang='lat' dir='ltr'><strong>deo·</strong></span> <span class='ocrx_word' id='word_1_369' title='bbox 920 4144 980 4195; x_wconf 84' lang='lat' dir='ltr'><strong>xvi</strong></span> <span class='ocrx_word' id='word_1_370' title='bbox 998 4146 1023 4195; x_wconf 88' lang='grc'><strong>2.</strong></span> 
     </span>
     <span class='ocr_line' id='line_1_43' title="bbox 334 4214 1464 4279; baseline -0.003 -15"><span class='ocrx_word' id='word_1_371' title='bbox 334 4230 411 4265; x_wconf 82' lang='lat' dir='ltr'><strong>ram.-</strong></span> <span class='ocrx_word' id='word_1_372' title='bbox 448 4216 475 4265; x_wconf 90' lang='lat' dir='ltr'><strong>iu</strong></span> <span class='ocrx_word' id='word_1_373' title='bbox 506 4218 620 4279; x_wconf 84' lang='lat' dir='ltr'><strong>pedestri</strong></span> <span class='ocrx_word' id='word_1_374' title='bbox 653 4231 768 4265; x_wconf 83' lang='lat' dir='ltr'><strong>sermone</strong></span> <span class='ocrx_word' id='word_1_375' title='bbox 799 4214 877 4278; x_wconf 81' lang='lat' dir='ltr'><strong>soret,</strong></span> <span class='ocrx_word' id='word_1_376' title='bbox 974 4214 1083 4265; x_wconf 89' lang='lat' dir='ltr'><strong>lo-il.</strong></span> <span class='ocrx_word' id='word_1_377' title='bbox 1105 4218 1205 4264; x_wconf 69' lang='lat' dir='ltr'><strong>lteram</strong></span> <span class='ocrx_word' id='word_1_378' title='bbox 1221 4214 1464 4264; x_wconf 78' lang='lat' dir='ltr'><strong>Orcadema&#39;saum:</strong></span> 
     </span>
     <span class='ocr_line' id='line_1_44' title="bbox 334 4282 1465 4348; baseline -0.004 -15"><span class='ocrx_word' id='word_1_379' title='bbox 334 4288 457 4346; x_wconf 71' lang='grc' dir='ltr'><strong><em>ρνατταιίε</em></strong></span> <span class='ocrx_word' id='word_1_380' title='bbox 470 4291 542 4332; x_wconf 74' lang='lat' dir='ltr'><strong>earet</strong></span> <span class='ocrx_word' id='word_1_381' title='bbox 555 4288 671 4335; x_wconf 77' lang='lat' dir='ltr'><strong>canaida</strong></span> <span class='ocrx_word' id='word_1_382' title='bbox 685 4285 805 4335; x_wconf 77' lang='lat' dir='ltr'><strong>deorum.</strong></span> <span class='ocrx_word' id='word_1_383' title='bbox 821 4284 878 4332; x_wconf 86' lang='lat' dir='ltr'><strong>Pia·</strong></span> <span class='ocrx_word' id='word_1_384' title='bbox 921 4283 1027 4348; x_wconf 84' lang='lat' dir='ltr'><strong>priunum</strong></span> <span class='ocrx_word' id='word_1_385' title='bbox 1047 4284 1071 4333; x_wconf 90' lang='lat' dir='ltr'><strong>iu</strong></span> <span class='ocrx_word' id='word_1_386' title='bbox 1087 4282 1180 4333; x_wconf 81' lang='lat' dir='ltr'><strong>Orcum</strong></span> <span class='ocrx_word' id='word_1_387' title='bbox 1199 4284 1325 4333; x_wconf 85' lang='lat' dir='ltr'><strong>demissus</strong></span> <span class='ocrx_word' id='word_1_388' title='bbox 1344 4288 1416 4344; x_wconf 88' lang='lat' dir='ltr'><strong>erut,</strong></span> <span class='ocrx_word' id='word_1_389' title='bbox 1436 4288 1465 4329; x_wconf 91' lang='lat' dir='ltr'><strong>ut</strong></span> 
     </span>
     <span class='ocr_line' id='line_1_45' title="bbox 333 4345 1464 4419; baseline -0.004 -18"><span class='ocrx_word' id='word_1_390' title='bbox 333 4352 386 4401; x_wconf 83' lang='lat' dir='ltr'><strong>dar.</strong></span> <span class='ocrx_word' id='word_1_391' title='bbox 401 4352 528 4419; x_wconf 77' lang='lat' dir='ltr'><strong>Olympi</strong></span> <span class='ocrx_word' id='word_1_392' title='bbox 549 4354 597 4402; x_wconf 78' lang='lat'><strong>54:</strong></span> <span class='ocrx_word' id='word_1_393' title='bbox 619 4354 643 4403; x_wconf 83' lang='lat' dir='ltr'><strong>et</strong></span> <span class='ocrx_word' id='word_1_394' title='bbox 660 4351 692 4404; x_wconf 79' lang='grc' dir='ltr'><strong>δὲ</strong></span> <span class='ocrx_word' id='word_1_395' title='bbox 708 4348 742 4418; x_wconf 73' lang='grc' dir='ltr'><strong>δή</strong></span> <span class='ocrx_word' id='word_1_396' title='bbox 762 4346 811 4402; x_wconf 82' lang='grc' dir='ltr'><strong><em>τιν’</em></strong></span> <span class='ocrx_word' id='word_1_397' title='bbox 827 4345 878 4402; x_wconf 73' lang='grc' dir='ltr'><strong>ἄν·</strong></span> <span class='ocrx_word' id='word_1_398' title='bbox 921 4361 992 4402; x_wconf 86' lang='lat' dir='ltr'><strong>certe</strong></span> <span class='ocrx_word' id='word_1_399' title='bbox 1011 4352 1163 4413; x_wconf 86' lang='lat' dir='ltr'><strong>uidebatur,</strong></span> <span class='ocrx_word' id='word_1_400' title='bbox 1184 4350 1347 4409; x_wconf 83' lang='lat' dir='ltr'><strong>aMcnelao‚</strong></span> <span class='ocrx_word' id='word_1_401' title='bbox 1370 4352 1464 4399; x_wconf 84' lang='lat' dir='ltr'><strong>iterum</strong></span> 
     </span>
     <span class='ocr_line' id='line_1_46' title="bbox 335 4415 1462 4489; baseline -0.003 -21"><span class='ocrx_word' id='word_1_402' title='bbox 335 4417 386 4487; x_wconf 75' lang='lat' dir='ltr'><strong>tipo</strong></span> <span class='ocrx_word' id='word_1_403' title='bbox 406 4415 515 4471; x_wconf 74' lang='grc' dir='ltr'><strong><em>θνατὸν</em></strong></span> <span class='ocrx_word' id='word_1_404' title='bbox 532 4416 678 4489; x_wconf 77' lang='grc' dir='ltr'><strong><em>Ὀλύμπου</em></strong></span> <span class='ocrx_word' id='word_1_405' title='bbox 699 4422 800 4471; x_wconf 81' lang='grc' dir='ltr'>σκοποὶ</span> <span class='ocrx_word' id='word_1_406' title='bbox 821 4419 885 4471; x_wconf 67' lang='lat' dir='ltr'><strong>tre·</strong></span> <span class='ocrx_word' id='word_1_407' title='bbox 920 4418 1136 4487; x_wconf 80' lang='lat' dir='ltr'><strong>ubiPythagorae</strong></span> <span class='ocrx_word' id='word_1_408' title='bbox 1150 4420 1248 4469; x_wconf 88' lang='lat' dir='ltr'><strong>nomine</strong></span> <span class='ocrx_word' id='word_1_409' title='bbox 1262 4418 1374 4468; x_wconf 89' lang='lat' dir='ltr'><strong>initalia</strong></span> <span class='ocrx_word' id='word_1_410' title='bbox 1389 4417 1462 4465; x_wconf 86' lang='lat' dir='ltr'><strong>obiit.</strong></span> 
     </span>
     <span class='ocr_line' id='line_1_47' title="bbox 331 4475 1463 4552; baseline -0.004 -16"><span class='ocrx_word' id='word_1_411' title='bbox 331 4501 440 4552; x_wconf 87' lang='grc' dir='ltr'><strong><em>μασαν,</em></strong></span> <span class='ocrx_word' id='word_1_412' title='bbox 461 4478 496 4551; x_wconf 82' lang='grc' dir='ltr'><strong>ἦν</strong></span> <span class='ocrx_word' id='word_1_413' title='bbox 511 4484 654 4547; x_wconf 74' lang='grc' dir='ltr'><strong><em>Τάνταλος</em></strong></span> <span class='ocrx_word' id='word_1_414' title='bbox 672 4475 760 4547; x_wconf 81' lang='grc' dir='ltr'><strong>οὗτος.</strong></span> <span class='ocrx_word' id='word_1_415' title='bbox 780 4489 876 4540; x_wconf 86' lang='lat' dir='ltr'><strong>Tauta—</strong></span> <span class='ocrx_word' id='word_1_416' title='bbox 921 4488 958 4538; x_wconf 79' lang='lat' dir='ltr'><strong>lie</strong></span> <span class='ocrx_word' id='word_1_417' title='bbox 978 4496 1106 4539; x_wconf 86' lang='lat' dir='ltr'><strong>structura</strong></span> <span class='ocrx_word' id='word_1_418' title='bbox 1128 4489 1194 4538; x_wconf 87' lang='lat' dir='ltr'><strong>Oreo</strong></span> <span class='ocrx_word' id='word_1_419' title='bbox 1215 4488 1359 4537; x_wconf 77' lang='lat' dir='ltr'><strong>demissam</strong></span> <span class='ocrx_word' id='word_1_420' title='bbox 1378 4484 1411 4533; x_wconf 84' lang='lat' dir='ltr'><strong>ci.</strong></span> <span class='ocrx_word' id='word_1_421' title='bbox 1431 4484 1463 4532; x_wconf 86' lang='lat' dir='ltr'><strong>ed</strong></span> 
     </span>
     <span class='ocr_line' id='line_1_48' title="bbox 332 4556 1032 4609; baseline 0.004 -5"><span class='ocrx_word' id='word_1_422' title='bbox 332 4556 380 4605; x_wconf 88' lang='lat' dir='ltr'><strong>lum</strong></span> <span class='ocrx_word' id='word_1_423' title='bbox 393 4557 505 4606; x_wconf 89' lang='lat' dir='ltr'><strong>ludibrio</strong></span> <span class='ocrx_word' id='word_1_424' title='bbox 519 4574 591 4607; x_wconf 81' lang='lat' dir='ltr'><strong>neuun</strong></span> <span class='ocrx_word' id='word_1_425' title='bbox 604 4574 661 4608; x_wconf 84' lang='lat' dir='ltr'><strong>essa</strong></span> <span class='ocrx_word' id='word_1_426' title='bbox 676 4560 803 4609; x_wconf 84' lang='lat' dir='ltr'><strong>aduersus</strong></span> <span class='ocrx_word' id='word_1_427' title='bbox 815 4560 876 4608; x_wconf 85' lang='lat' dir='ltr'><strong>deos</strong></span> <span class='ocrx_word' id='word_1_428' title='bbox 920 4556 975 4606; x_wconf 82' lang='lat'><strong>124</strong></span> <span class='ocrx_word' id='word_1_429' title='bbox 991 4556 1032 4607; x_wconf 85' lang='lat' dir='ltr'><strong>te.</strong></span> 
     </span>
     <span class='ocr_line' id='line_1_49' title="bbox 333 4619 1463 4692; baseline -0.003 -20"><span class='ocrx_word' id='word_1_430' title='bbox 333 4638 361 4674; x_wconf 89' lang='lat' dir='ltr'><strong>ac</strong></span> <span class='ocrx_word' id='word_1_431' title='bbox 374 4640 468 4690; x_wconf 84' lang='lat' dir='ltr'><strong>poenas</strong></span> <span class='ocrx_word' id='word_1_432' title='bbox 488 4626 590 4676; x_wconf 83' lang='lat' dir='ltr'><strong>dedisse</strong></span> <span class='ocrx_word' id='word_1_433' title='bbox 610 4628 676 4692; x_wconf 87' lang='lat' dir='ltr'><strong>apud</strong></span> <span class='ocrx_word' id='word_1_434' title='bbox 695 4626 808 4688; x_wconf 79' lang='lat' dir='ltr'><strong>inferos,</strong></span> <span class='ocrx_word' id='word_1_435' title='bbox 828 4628 876 4676; x_wconf 91' lang='lat' dir='ltr'><strong>bac</strong></span> <span class='ocrx_word' id='word_1_436' title='bbox 975 4626 1015 4673; x_wconf 90' lang='lat' dir='ltr'><strong>ll.</strong></span> <span class='ocrx_word' id='word_1_437' title='bbox 1036 4624 1119 4690; x_wconf 81' lang='lat' dir='ltr'><strong>clipeo</strong></span> <span class='ocrx_word' id='word_1_438' title='bbox 1133 4624 1245 4685; x_wconf 62' lang='lat' dir='ltr'><strong>affines</strong></span> <span class='ocrx_word' id='word_1_439' title='bbox 1260 4621 1307 4671; x_wconf 91' lang='lat' dir='ltr'><strong>hoc</strong></span> <span class='ocrx_word' id='word_1_440' title='bbox 1324 4626 1363 4668; x_wconf 83' lang='lat' dir='ltr'><strong>cst</strong></span> <span class='ocrx_word' id='word_1_441' title='bbox 1376 4633 1389 4667; x_wconf 90' lang='lat' dir='ltr'><strong>a</strong></span> <span class='ocrx_word' id='word_1_442' title='bbox 1403 4619 1463 4669; x_wconf 85' lang='lat' dir='ltr'><strong>sede</strong></span> 
     </span>
     <span class='ocr_line' id='line_1_50' title="bbox 333 4686 1464 4763; baseline -0.002 -23"><span class='ocrx_word' id='word_1_443' title='bbox 333 4708 379 4742; x_wconf 91' lang='lat' dir='ltr'><strong>nou</strong></span> <span class='ocrx_word' id='word_1_444' title='bbox 392 4694 508 4759; x_wconf 80' lang='lat' dir='ltr'><strong>respexit</strong></span> <span class='ocrx_word' id='word_1_445' title='bbox 521 4694 654 4760; x_wconf 81' lang='lat' dir='ltr'><strong>Horatius,</strong></span> <span class='ocrx_word' id='word_1_446' title='bbox 667 4696 711 4746; x_wconf 88' lang='lat' dir='ltr'><strong>sed</strong></span> <span class='ocrx_word' id='word_1_447' title='bbox 725 4697 806 4763; x_wconf 85' lang='lat' dir='ltr'><strong>ipsum</strong></span> <span class='ocrx_word' id='word_1_448' title='bbox 819 4702 877 4761; x_wconf 89' lang='lat' dir='ltr'><strong>post</strong></span> <span class='ocrx_word' id='word_1_449' title='bbox 920 4708 964 4743; x_wconf 85' lang='lat' dir='ltr'><strong>ana</strong></span> <span class='ocrx_word' id='word_1_450' title='bbox 987 4692 1100 4741; x_wconf 86' lang='lat' dir='ltr'><strong>reuulso.</strong></span> <span class='ocrx_word' id='word_1_451' title='bbox 1130 4690 1237 4741; x_wconf 90' lang='lat' dir='ltr'><strong>Scilicet</strong></span> <span class='ocrx_word' id='word_1_452' title='bbox 1261 4689 1367 4753; x_wconf 88' lang='lat' dir='ltr'><strong>elipeum</strong></span> <span class='ocrx_word' id='word_1_453' title='bbox 1388 4686 1464 4751; x_wconf 82' lang='lat' dir='ltr'><strong>Argis</strong></span> 
     </span>
    </p>
   </div>
   <div class='ocr_carea' id='block_1_8' title="bbox 0 0 1946 5525">
    <p class='ocr_par' dir='ltr' id='par_1_8' title="bbox 0 0 1946 5525">
     <span class='ocr_line' id='line_1_51' title="bbox 0 0 1946 5525; baseline 0 5"><span class='ocrx_word' id='word_1_454' title='bbox 0 0 1946 5525; x_wconf 95' lang='lat' dir='ltr'><strong> </strong></span> 
     </span>
    </p>
   </div>
  </div>
 </body>
</html>
