3884 5525
372 704 377 716 ,
424 634 425 639 ‘
463 663 541 706 xvia
895 638 1159 719 ruotuconuus.
1246 660 1250 664 ·

409 847 415 855 «
465 811 639 877 scribendos
655 810 795 874 alacriter
809 810 951 874 incubuit.
977 812 1010 875 ln
1026 810 1212 875 sermonibus
1237 810 1302 875 siue
1323 812 1424 875 satiris
1447 814 1502 877 bac
1525 836 1592 899 pre-

465 919 554 1002 positi
583 918 701 982 ratione
731 939 803 981 usus
830 929 886 981 εει.
916 918 1061 981 Moralem
1084 918 1218 981 Platonis
1250 918 1416 981 doctrinam
1437 922 1594 1004 populares

465 1028 607 1089 docturus
622 1026 658 1088 ab
675 1024 865 1107 exagitandis
876 1035 910 1108 ει
924 1024 1085 1093 irridendis
1109 1025 1189 1087 uitiis
1213 1024 1394 1107 flagitiisque
1418 1028 1593 1111 principium

466 1133 609 1215 sumpsit,
626 1154 685 1213 quc
701 1132 786 1214 quasi
802 1132 879 1193 uiam
897 1131 954 1193 sibi
970 1132 1100 1193 muniret
1121 1132 1156 1193 ad
1178 1131 1320 1193 uirtutem
1342 1132 1372 1193 in
1394 1134 1495 1216 priore
1517 1134 1593 1197 libro

466 1238 656 1323 epistularum
674 1260 747 1299 mox
762 1238 1024 1300 commendandam
1044 1249 1075 1299 et
1096 1237 1223 1301 officium
1246 1238 1277 1299 in
1299 1238 1395 1301 altere
1416 1240 1474 1302 rite
1497 1240 1592 1325 expli·

465 1320 662 1407 candumfln
679 1344 734 1405 boc
750 1343 899 1405 curriculo
919 1345 1075 1425 quominus
1100 1344 1239 1407 celeriter
1260 1344 1454 1427 procederet,
1480 1346 1594 1409 duobus

464 1452 532 1515 aliis
562 1450 665 1514 officiis
694 1450 751 1512 sibi
780 1471 798 1511 a
824 1450 999 1513 Maecenate
1030 1450 1172 1513 iniunctis
1202 1450 1429 1533 impediebatur.
1461 1452 1593 1515 Priinum

465 1559 558 1621 amieo
574 1556 692 1619 iambos
708 1556 838 1639 cupienti
853 1556 998 1619 eiusmodi
1014 1556 1121 1618 librum
1137 1577 1170 1619 se
1188 1557 1366 1639 scripturum
1389 1560 1594 1643 esse-pollici-

465 1676 514 1726 tus
530 1674 578 1726 est
593 1663 702 1746 (Epod.
724 1666 763 1724 14
780 1664 888 1741 7-8).
910 1662 984 1725 lllud
1003 1682 1075 1724 uere
1092 1663 1128 1725 ab
1145 1663 1312 1725 huiusmodi
1329 1664 1414 1727 iuitio
1431 1667 1594 1748 profectum

465 1790 533 1833 esse
550 1770 740 1832 crediderim.
768 1768 937 1854 Maecenati
952 1790 1018 1831 cum
1036 1770 1218 1833 ostendisset
1233 1792 1306 1852 quos
1324 1772 1433 1853 epodos
1449 1778 1501 1854 (=
1520 1772 1595 1834 iam-

446 1876 534 1957 bos)
550 1876 581 1938 in
599 1874 726 1939 Graecia
742 1874 812 1936 olim
828 1874 967 1951 fecisset,
989 1876 1039 1938 ille
1056 1876 1196 1939 continuo
1213 1877 1387 1939 adhortatus
1404 1888 1467 1955 est,
1492 1889 1525 1941 ut
1540 1899 1594 1962 pro

374 2054 377 2061 ¹
466 1983 588 2045 Graecis
605 1981 762 2045 uersiculis
778 1981 902 2043 Latinos
918 1982 1137 2063 suppeditaret,
1155 1994 1216 2045 tum
1233 1982 1308 2045 elios
1325 1984 1435 2066 epodos
1451 1984 1595 2067 adiunge-

465 2099 524 2151 ret.
552 2088 625 2151 Post
640 2087 772 2150 Graecos
788 2107 896 2150 uersus
911 2088 1018 2151 Latine
1035 2088 1165 2159 redditos
1189 2089 1276 2173 primi
1292 2101 1504 2153 successerunt
1519 2111 1595 2173 quos

465 2195 497 2257 in
513 2194 668 2257 mulierem
684 2194 815 2256 uetulam
832 2204 862 2255 et
877 2194 1064 2257 libidinosam
1081 2195 1152 2259 lusit
1172 2196 1328 2273 licentius,
1354 2196 1422 2258 dein
1443 2217 1540 2279 usque
1560 2196 1596 2260 ad

466 2323 575 2364 anuum
591 2301 674 2364 urbis
691 2301 752 2362 726
775 2302 867 2363 uariis
887 2301 1055 2363 interuallis
1078 2294 1170 2364 ceteri
1191 2302 1281 2364 additi
1304 2314 1386 2365 suut.
1409 2282 1524 2365 Morani
1551 2302 1596 2365 his

466 2430 583 2490 quoquc
599 2408 741 2470 iniciebat
763 2401 839 2489 duod
861 2408 945 2470 uaria
965 2408 1054 2470 simul
1075 2428 1235 2492 aggressus
1257 2420 1313 2471 est.
1338 2409 1483 2472 Nimirum
1505 2409 1596 2471 tertia

465 2535 539 2577 cura
561 2515 620 2577 iam
643 2514 861 2576 interuenerat.
893 2516 969 2578 Dum
993 2515 1182 2578 Brundisium
1204 2525 1234 2577 et
1250 2515 1414 2578 Tarentum
1438 2515 1598 2578 comitatur

466 2621 669 2684 Maecenatem
686 2622 764 2700 (717
779 2649 814 2676 =
834 2621 901 2700 37),
918 2622 968 2703 qni
983 2619 1145 2685 Antonium
1162 2642 1179 2683 a
1195 2622 1326 2685 Caesare
1343 2622 1505 2685 Octauiano
1522 2632 1596 2685 tune

465 2748 605 2792 auersum
633 2728 830 2792 reconciliare
860 2728 998 2807 uolebat,
1023 2728 1164 2792 Horatius
1192 2738 1259 2790 aute
1286 2728 1415 2790 foederis
1437 2726 1596 2790 Tarentini

381 2897 384 2906 ,
465 2835 640 2898 societatem
656 2857 673 2898 a
687 2836 862 2921 Maecenate
877 2837 1006 2898 iunctam
1029 2836 1139 2898 funesti
1159 2834 1229 2896 belli
1251 2844 1474 2916 tempestatem,
1499 2854 1596 2897 nouas

466 2943 565 3006 clades
595 2953 625 3003 et
651 2941 761 3003 ciuium
791 2940 1024 3023 proscriptiones
1049 2941 1148 3002 animo
1172 2939 1374 3023 praecidebat.
1408 2938 1597 3022 Quapropter

464 3047 601 3128 utrisque
617 3045 749 3127 partibus
764 3045 873 3108 bellum
896 3046 1054 3124 dissuasit,
1080 3067 1182 3130 pacem
1205 3044 1434 3128 sapientissimis
1458 3045 1595 3108 uersibus

466 3151 694 3216 commendauit.
713 3149 762 3213 Sic
777 3160 878 3212 natum
895 3161 940 3213 est
955 3173 1075 3215 carmen
1091 3153 1177 3237 primi
1193 3152 1260 3215 libri
1277 3163 1415 3234 quartum
1429 3152 1593 3229 decimum3

465 3267 599 3322 secutum
630 3245 676 3319 est
706 3257 810 3318 eodem
840 3256 949 3318 itincre
980 3260 1143 3321 excitatum
1174 3260 1305 3322 eiusdem
1329 3259 1397 3322 libri
1419 3259 1595 3323 uicesimum

466 3375 617 3440 octauum,
635 3363 759 3425 secundi
774 3361 843 3424 libri
859 3375 992 3427 sextum.
1016 3363 1101 3430 Alios
1124 3367 1207 3430 lusus
1231 3364 1316 3448 lyrae
1340 3367 1496 3429 sociandos
1513 3386 1595 3428 amo·

464 3471 508 3533 ris
525 3469 648 3547 militia,
671 3468 746 3531 alios
762 3467 926 3550 amicorum
950 3471 1096 3534 desideria
1120 3472 1341 3544 excitauerunt.
1366 3473 1447 3536 llaec
1469 3482 1595 3556 tempta-

464 3575 547 3638 mina
562 3585 696 3658 tempore
712 3585 742 3638 et
757 3576 914 3640 occasione
931 3597 1075 3660 expressa
1091 3579 1249 3642 Maecenas
1272 3585 1379 3662 magna
1396 3601 1463 3642 eum
1479 3576 1596 3641 laetitia

465 3682 586 3765 excepit
601 3692 709 3764 atque,
734 3693 767 3745 ut
787 3683 819 3746 in
842 3694 948 3768 coepta
962 3683 1013 3745 uia
1029 3695 1186 3767 pergeret,
1214 3684 1290 3748 haud
1312 3685 1398 3748 dubie
1420 3685 1595 3748 adhortatus

466 3797 523 3849 est.
547 3786 692 3850 Maiorem
708 3789 850 3872 impetum
863 3813 964 3882 nouus
981 3801 1065 3853 uates
1089 3793 1166 3874 cepit
1183 3792 1365 3874 temporibus
1380 3789 1522 3868 Actiacis,
1541 3787 1596 3852 sed

466 3895 540 3956 haec
555 3904 713 3977 autequam
734 3915 964 3979 persequamur,
990 3897 1029 3958 ad
1050 3919 1205 3962 sermones
1230 3897 1349 3960 interim
1374 3897 1472 3960 redire
1496 3898 1592 3960 decet.

465 3999 527 4061 lam
544 4000 622 4062 enim
639 4023 728 4066 eausa
743 4002 891 4085 patefacta
907 4013 969 4077 est,
994 4023 1047 4065 cnr
1069 4005 1100 4066 in
1123 4005 1178 4066 boo
1194 4024 1249 4066 suo
1265 4021 1377 4085 genere
1393 4003 1542 4067 scribendi
1558 3999 1594 4063 ab

465 4125 546 4167 enno
562 4105 643 4168 urbis
659 4111 720 4171 717
736 4108 881 4190 usquead
897 4129 926 4170 a.
945 4109 1024 4188 723,
1050 4121 1292 4193 quo-pugnatum
1308 4109 1384 4193 apud
1400 4108 1517 4172 Actium
1534 4115 1593 4182 est,
1647 4108 1648 4114 ’
1750 4103 1751 4164 ζ

465 4232 526 4272 nen
541 4213 607 4294 plus
623 4233 709 4294 quam
725 4225 793 4276 ecto
810 4214 920 4278 satiras
936 4214 1096 4278 sufficeret.
1124 4215 1204 4294 Quas
1220 4236 1285 4279 cum
1308 4216 1509 4294 amouisset,
1535 4226 1593 4276 tam

465 4318 557 4380 besee
573 4340 660 4400 mem
675 4319 747 4382 duas
762 4320 828 4384 illas
850 4331 919 4383 aute
933 4321 1117 4385 Maecenatis
1141 4322 1301 4385 amicitiam
1313 4323 1416 4385 ‘factas
1436 4342 1496 4384 uno
1518 4319 1595 4382 libro

466 4426 641 4508 complexus
664 4437 726 4503 est,
752 4447 824 4508 quas
850 4427 966 4510 quidem
989 4430 1119 4491 nondum
1141 4449 1207 4491 cum
1232 4428 1337 4514 populo
1364 4439 1416 4490 aut
1440 4421 1595 4508 quibusuis

466 4530 638 4608 lectoribus,
657 4535 708 4594 sed
726 4533 822 4625 solum
839 4555 904 4597 cum
920 4533 1024 4597 amicis
1040 4535 1102 4598 suis
1119 4533 1358 4599 communicarit.
1380 4534 1468 4596 Ceul.
1486 4536 1594 4594 ennot.

465 4638 503 4701 ad
518 4637 615 4702 Serm.
634 4639 645 4701 l
666 4639 703 4701 10
719 4641 772 4704 92.
