3884 5525
956 593 1092 645 HORATH

672 765 779 826 audita
792 762 958 827 Musarum
975 763 1121 826 sacerdos
1273 843 1276 847 .

673 876 851 952 uirginibus
866 866 1036 951 puerisque
1051 877 1155 934 canto.
1223 927 1225 930 .

592 1079 597 1086 ,
674 1043 784 1105 regum
800 1029 1008 1089 timendorum
1022 1028 1055 1087 in
1070 1025 1211 1102 proprios
1227 1020 1353 1102 greges

674 1154 766 1215 reges
781 1141 813 1201 in
828 1141 914 1216 ipsos
929 1138 1094 1214 imperium
1111 1140 1159 1197 est
1173 1132 1270 1211 Ionio,

677 1250 753 1312 elari
771 1247 926 1327 Giganteo
941 1249 1111 1324 triumpho,

676 1365 787 1423 cuncta
805 1361 970 1438 supercilio
986 1359 1151 1420 mouentis.

538 1619 563 1668 o.
584 1617 708 1683 inperium
720 1619 752 1669 B.
819 1685 823 1694 1
859 1619 884 1667 7.
903 1623 1029 1685 gygantes
1039 1616 1071 1666 B.

471 1865 522 1940 tam
535 1905 600 1940 anuo
611 1891 661 1941 726
670 1891 705 1954 (a.
715 1890 775 1941 Chr.
787 1891 831 1954 28)
844 1891 1010 1942 ascribemus.
1055 1906 1104 1939 non
1129 1886 1225 1938 initiati
1249 1859 1298 1954 qui
1316 1885 1400 1937 fanum
1426 1887 1524 1937 intrare
1549 1902 1597 1935 uon

470 1958 560 2008 Eidem
586 1975 651 2009 anno
681 1967 780 2009 sextam
804 1959 939 2024 adtribue,
965 1961 1012 2009 hoc
1055 1963 1183 2023 poterant.
1210 1956 1256 2007 llic
1276 1964 1359 2006 temen
1381 1971 1427 2020 per
1446 1955 1597 2017 allegoriam

361 2042 368 2049 ’
400 2068 407 2080 .
471 2026 553 2076 fretus
572 2035 737 2091 argumento,
757 2029 822 2092 quod
836 2028 954 2079 Flaccum
974 2043 1013 2078 re·
1055 2025 1176 2091 profanos
1192 2026 1322 2091 imperitos
1340 2023 1422 2088 dixit,
1442 2023 1484 2090 qui
1504 2025 1597 2073 merito

470 2095 539 2144 centi
557 2098 678 2145 memoria
696 2103 722 2145 et
739 2096 800 2146 loelli
813 2097 913 2146 Actiaci
931 2105 958 2147 et
971 2113 1012 2146 re·
1056 2094 1138 2144 doctis
1157 2095 1228 2142 exosi
1248 2087 1326 2144 sunt'.
1345 2093 1444 2143 Aenon.
1469 2091 1599 2154 Vergilius

470 2178 525 2212 rum
544 2179 609 2215 enno
630 2163 680 2212 724
699 2171 725 2214 et
744 2165 793 2214 725
806 2173 935 2228 gestarum
948 2165 1013 2215 inie-
1055 2162 1119 2213 Aen.
1134 2161 1168 2211 Vl
1183 2163 1249 2212 258:
1266 2163 1365 2228 procel
1383 2177 1412 2224 e,
1429 2162 1531 2228 procul
1544 2166 1599 2210 este

471 2232 538 2281 cisse
557 2231 708 2281 mentionem
728 2233 767 2296 (u.
784 2234 906 2298 13-16)
925 2234 1010 2283 uideo.
1053 2232 1179 2298 profani.
1206 2231 1334 2295 Aristoplr.
1349 2227 1414 2279 Rau.
1429 2230 1493 2280 354:
1514 2224 1599 2294 εὐφη-

471 2299 589 2364 Quintam
603 2315 668 2349 anno
682 2301 730 2350 727
744 2303 779 2362 (a.
789 2301 850 2352 cnr.
860 2303 905 2367 27)
918 2303 1012 2352 editam
1054 2303 1119 2367 μεῖν
1135 2293 1191 2366 χρὴ
1211 2294 1400 2357 κάξίστασθαι
1422 2301 1479 2354 τοῖς
1499 2291 1599 2366 ἡμετέ-

472 2383 528 2416 esse
541 2367 615 2418 fldem
630 2368 738 2419 iaciunt.
747 2386 852 2420 uersus:
873 2373 952 2420 diues
964 2372 1014 2420 lta-
1056 2381 1129 2434 ροισι
1135 2371 1262 2437 χοροῖσιν
1271 2359 1349 2423 ὅστις
1359 2358 1474 2432 ἄπειρος
1483 2363 1599 2416 τοιῶνδε

472 2437 578 2486 debitur
589 2439 733 2501 Augustus
746 2439 858 2489 adiectis
872 2440 1014 2489 Britannis
1056 2431 1155 2503 λόγων.

470 2508 582 2569 imperio
599 2508 785 2572 gracilesque
800 2507 906 2571 Persis,
923 2509 1014 2573 quibus
1108 2505 1134 2554 2.
1158 2507 1257 2569 sancte
1281 2504 1400 2567 tinguis.-
1428 2498 1598 2572 εὐστομεῖτε,

472 2573 603 2624 nuntiatur
629 2575 756 2641 expeditio
777 2576 809 2626 ab
827 2577 941 2639 Augusto
965 2577 1012 2626 sub
1056 2569 1193 2642 εὐφημεῖν
1200 2567 1265 2642 χρή.
1284 2571 1399 2622 Fauetur
1410 2573 1519 2636 linguis,
1542 2587 1598 2622 cum

380 2686 389 2700 ,
470 2641 544 2696 linem
563 2643 622 2692 anni
637 2644 684 2693 727
700 2645 724 2693 in
738 2643 899 2695 Occidentem
913 2653 1013 2710 coepta,
1056 2650 1166 2704 tacetur,
1192 2649 1221 2690 ut
1244 2647 1318 2707 poeta
1343 2655 1389 2690 sua
1413 2642 1461 2690 rite
1483 2657 1599 2707 promere

471 2710 552 2759 altera
563 2711 588 2761 in
597 2711 706 2763 Parthos
716 2721 776 2765 tunc
784 2722 884 2781 parata,
892 2721 1014 2764 utesten-
1057 2711 1146 2779 possit.
1161 2709 1267 2761 Seruius
1281 2709 1312 2758 ad
1322 2707 1430 2775 Vergilii
1443 2710 1507 2761 Aen.
1518 2709 1540 2759 V
1551 2710 1581 2758 71
1591 2727 1597 2759 z

471 2790 574 2830 sumest
589 2781 795 2833 ndCarm.135.
809 2784 875 2833 Ante
889 2784 954 2832 hunc
968 2798 1014 2831 an·
1058 2796 1104 2831 ore
1121 2780 1220 2845 fauete
1249 2795 1356 2829 omnes:
1387 2785 1450 2845 epto
1477 2795 1600 2829 sermone

471 2864 529 2897 num
541 2850 636 2915 scriptu
649 2866 705 2901 esse
718 2852 806 2917 nequit
820 2851 908 2913 tertia,
917 2852 942 2899 in
963 2866 1014 2914 qua
1058 2865 1122 2898 usus
1142 2854 1183 2897 est
1200 2853 1228 2897 et
1238 2848 1377 2909 sacrificio
1391 2854 1418 2897 et
1430 2848 1517 2898 ludis:
1536 2864 1600 2897 nam

471 2916 591 2981 leguntur
600 2934 703 2970 uersusc
716 2937 781 2984 ques
790 2924 863 2969 inter
872 2921 1014 2983 Augustus
1056 2920 1084 2966 in
1096 2921 1183 2967 sceris
1204 2920 1397 2975 taciturnitas,
1418 2920 1445 2966 in
1465 2917 1538 2966 ludis
1555 2933 1601 2966 ne-

470 2988 626 3035 recumdens
646 3004 786 3053 purpureo
809 2990 883 3037 litet
901 3004 949 3037 ore
971 3003 1013 3035 ne·
1048 2988 1190 3035 cesserim
1195 2988 1286 3049 sacca·
1298 2990 1353 3048 est,
1372 2985 1444 3035 cuius
1456 2986 1537 3035 uerba
1551 3000 1599 3035 non

470 3060 542 3103 ctae.
567 3053 663 3119 Quippe
682 3072 771 3105 nomen
789 3058 911 3120 Augusti
927 3070 1014 3105 mense
1057 3054 1139 3103 Acron
1159 3060 1244 3102 aetate
1263 3054 1348 3119 prior,
1367 3055 1409 3103 sed
1431 3054 1472 3119 qui
1492 3050 1600 3104 licronis

471 3121 591 3172 ianuario
610 3122 670 3171 anni
684 3125 733 3172 727
748 3124 854 3173 Caesari
871 3123 1014 3188 apatribus
1058 3122 1264 3171 eonrmentarium
1282 3122 1424 3189 excerpsit,
1443 3123 1537 3173 Aeroni
1556 3123 1600 3172 ad-

471 3190 583 3238 delatum
597 3197 652 3252 est;
668 3190 715 3239 llio
728 3190 786 3240 Llll
802 3193 843 3253 ld,
858 3192 1014 3241 Censorinus
1058 3190 1132 3241 didit.
1194 3194 1316 3240 coracina
1330 3206 1382 3241 non
1393 3195 1472 3255 prr'ue
1485 3193 1599 3241 cudite.-

470 3256 502 3305 de
520 3256 566 3305 Die
586 3265 640 3307 nat.
659 3274 683 3307 c.
699 3258 741 3307 21.
773 3258 852 3308 Porro
876 3260 1014 3309 secundam
1058 3266 1146 3322 aperte
1167 3258 1268 3307 nuntiat
1286 3275 1334 3308 non
1353 3275 1427 3309 unam
1447 3261 1528 3323 oden,
1554 3260 1599 3309 sed

470 3324 557 3373 codem
576 3340 642 3374 anno
664 3326 712 3375 727
734 3334 864 3376 auctorem
889 3327 1013 3379 cecinisse
1058 3342 1104 3376 sex
1116 3326 1199 3391 prima
1212 3326 1286 3377 huius
1300 3328 1357 3377 libri
1371 3330 1482 3379 carmina
1495 3336 1524 3377 ut
1534 3344 1599 3378 nona

471 3392 529 3441 ltine
554 3393 663 3457 colligo,
689 3395 754 3459 quod
785 3411 862 3445 uersu
885 3396 963 3445 tertio
989 3404 1015 3445 et
1058 3396 1206 3459 conamine3
1226 3394 1260 3445 ci.
1276 3396 1384 3446 stitit
1400 3398 1475 3447 1-4.

471 3467 561 3524 quarto
574 3460 662 3511 Parthi
681 3462 828 3513 allemania
847 3464 950 3514 fortiter
968 3464 1014 3514 de·
1109 3464 1133 3513 3.
1161 3465 1303 3514 Musarum
1322 3467 1466 3516 sacerdos:
1494 3473 1552 3531 apte
1572 3481 1599 3515 se

470 3528 583 3579 bellandi
602 3539 783 3581 memorantur.
811 3531 901 3583 Restat
922 3533 1011 3597 prima.
1057 3532 1215 3583 sacerdotem
1235 3532 1364 3583 Musarum
1384 3536 1512 3597 nominat,
1531 3540 1600 3583 totus

472 3597 551 3647 Cuius
566 3602 720 3664 prooemium
739 3602 778 3664 (u.
796 3601 888 3666 1—4)
906 3617 961 3650 eum
982 3602 1014 3651 ad
1058 3602 1084 3651 in
1098 3618 1127 3651 eo
1140 3610 1169 3651 ut
1181 3618 1265 3652 meres
1278 3604 1403 3666 emendet,
1422 3604 1543 3653 uirtutem
1557 3602 1601 3651 do·

427 3692 431 3698 ·
471 3682 557 3717 omnes
576 3682 656 3733 aeque
671 3670 814 3734 pertineat,
834 3670 898 3719 hanc
917 3664 1015 3735 p'ostre-
1058 3678 1116 3721 ceat
1129 3670 1299 3735 celebretque.

470 3751 535 3785 mam
555 3736 601 3785 sub
620 3737 695 3787 linem
713 3738 772 3787 enni
792 3739 842 3788 727
863 3740 957 3790 ceteris
970 3754 1015 3789 ac·
1110 3740 1136 3788 4.
1156 3741 1311 3803 uirginibus
1324 3764 1357 3773 -
1371 3741 1465 3785 cerato:
1485 3738 1601 3787 carmina

470 3804 579 3854 cessisse
600 3807 762 3858 crediderim.
788 3806 814 3857 ln
837 3807 877 3857 his
898 3808 929 3857 de
951 3815 1013 3857 tem·
1057 3815 1131 3857 easta
1150 3814 1176 3855 et
1195 3813 1255 3870 apte
1274 3804 1346 3854 lestis
1367 3804 1455 3851 diebus
1478 3820 1509 3853 ne
1532 3803 1600 3855 forte

470 3888 531 3937 pore
555 3874 679 3938 expositis
705 3876 789 3941 siquid
814 3877 896 3925 minus
917 3884 1014 3926 certum
1057 3875 1237 3939 profanentur,
1266 3870 1443 3933 auirginilsns
1463 3873 1600 3937 puerisque

470 3949 587 3990 remanet
610 3944 789 4005 (dilucidiores
812 3953 886 3994 notas
911 3945 965 4009 ipse
987 3944 1012 3993 in
1057 3943 1243 4003 cantabuntur,
1263 3940 1299 3989 sic
1317 3938 1436 3988 habitura
1450 3940 1507 4005 plus
1521 3940 1601 3991 heno-'

471 4016 543 4057 sexto
557 4010 706 4074 desidero),
727 4014 870 4062 luctamen
884 4013 1014 4062 uixduloi-
1057 4010 1093 4059 ris
1112 4008 1281 4073 etponderis.
1312 4006 1368 4056 Non
1391 4008 1520 4073 probanda
1541 4018 1600 4059 sunt

470 4077 633 4141 taripotest,
654 4081 714 4145 quin
728 4082 812 4131 ornnia
824 4084 887 4131 haee
899 4081 1016 4130 earmina
1057 4078 1119 4127 haec
1138 4076 1261 4127 Acconis:
1284 4070 1421 4141 ‘promittit
1445 4094 1472 4128 se
1498 4094 1599 4129 carmen

471 4145 824 4210 duobusannistllti—lli
840 4170 867 4193 =
883 4148 1010 4210 28-27)
1056 4146 1211 4211 prolaturum
1236 4160 1284 4208 quo
1309 4152 1412 4195 teneras
1442 4154 1542 4197 aetates
1567 4148 1599 4197 ad

471 4213 540 4262 edita
553 4215 614 4264 sint.
1056 4213 1132 4262 utilia
1144 4212 1278 4277 instituat,
1296 4213 1387 4279 quibus
1401 4215 1432 4264 ad
1445 4216 1524 4265 uitam
1539 4216 1599 4265 bea-

524 4284 548 4332 l.
580 4284 779 4336 edi-creec:
805 4284 937 4350 profanum
956 4284 1012 4333 siue
1055 4288 1107 4331 tam
1131 4280 1265 4347 peruenire
1290 4277 1405 4348 possint'.
1434 4283 1529 4349 Populo
1551 4283 1599 4333 Ro-

470 4350 598 4401 indoetum
623 4353 731 4417 uulgus,
752 4352 921 4419 percipiendis
940 4367 1014 4413 egre·
1055 4364 1145 4411 mano,
1165 4365 1212 4399 non
1232 4357 1329 4401 tantum
1347 4352 1433 4417 pueris
1445 4354 1597 4418 puellisque,

470 4420 519 4482 giis
544 4422 678 4473 sententiis
702 4423 769 4471 haud
794 4427 896 4485 aptum,
925 4421 1013 4483 procul
1056 4418 1149 4468 cecinit
1163 4417 1297 4484 Horatius,
1319 4422 1385 4486 quod
1405 4422 1544 4471 carminum
1561 4421 1599 4470 in-

469 4504 526 4538 esse
540 4490 625 4551 iultet3
644 4491 778 4555 profanus
792 4504 857 4537 nnnc
870 4495 910 4537 est
922 4482 1013 4556 ἀμύη-
1056 4486 1127 4536 doles
1140 4487 1204 4537 satis
1218 4488 1301 4542 docet.

469 4573 516 4612 τος
529 4558 584 4607 siue
596 4559 713 4622 βέβηλος,
726 4557 768 4621 qui
782 4556 845 4606 artis
858 4572 952 4606 arcana
963 4574 1012 4607 non
1107 4556 1195 4606 5-8.
1225 4556 1421 4623 Temperantiae
1442 4558 1530 4609 medus
1552 4559 1598 4609 hu·

468 4624 567 4675 didicit.
603 4621 727 4691 ‘prosam‘
753 4625 903 4675 dicebantur
931 4626 1013 4677 sacris
1055 4640 1128 4675 muno
1150 4626 1238 4689 generi
1259 4634 1476 4693 praemonstratus
1498 4634 1538 4677 est
1557 4642 1597 4691 eo,
