3884 5525
964 619 1102 673 ll0llh'l'll

677 796 710 853 te
724 789 830 853 Dacus
846 807 949 868 asper,
967 795 1000 853 te
1016 791 1143 868 proiugi
1159 786 1295 867 Scythae

677 904 832 978 urbesque
847 907 1021 980 gentesque
1037 906 1068 963 et
1083 899 1209 964 Latium
1226 902 1333 964 seron¹
1382 929 1389 946 ‹

678 1015 851 1090 regumque
867 1019 984 1075 matres
999 1003 1202 1076 harbarorum
1218 1016 1250 1073 et

678 1125 825 1200 purpurei
842 1129 988 1186 metuunt
1003 1125 1143 1200 tyranni,

678 1277 831 1339 iniurioso
847 1293 886 1338 nc
901 1277 978 1353 pede
993 1291 1125 1353 proruas

678 1393 813 1450 stantem
829 1389 1016 1464 columnam,
1034 1401 1096 1448 neu
1111 1388 1245 1462 populus
1261 1387 1407 1463 frequens

472 1511 504 1586 ts
619 1553 624 1560 .
678 1499 717 1559 ad
733 1514 820 1560 arma
835 1501 1000 1573 cessantis,
1019 1497 1056 1558 ad
1072 1512 1157 1558 arma

679 1611 814 1671 concitet
829 1610 1052 1686 imperiumque
1067 1609 1203 1684 margat.

538 1763 565 1813 9.
584 1763 665 1832 scithe
678 1765 710 1815 A.
795 1764 906 1813 13-14.
920 1765 1048 1814 Donatus
1061 1763 1098 1814 ad
1107 1761 1214 1813 Terent.
1225 1761 1333 1812 l’horm.
1348 1725 1371 1812 ll
1387 1763 1398 1811 1
1415 1764 1461 1814 57:
1477 1762 1598 1815 Horatius

470 1838 558 1881 contra
570 1847 615 1896 pro
628 1833 755 1882 columine
767 1833 918 1895 columnam,
930 1825 1276 1882 ‘iniurioso—columnam.
1359 1832 1400 1881 14.
1415 1833 1521 1898 colripnri
1529 1835 1561 1884 B.

469 1901 521 2018 'iubm
529 1901 660 2034 Zelslzantis
672 1902 697 1950 A
710 1900 750 1966 (a.
759 1901 949 1965 Blandinias).·
966 1907 1098 1951 cessantes
1112 1903 1203 1952 ceteri.
1296 1899 1337 1949 16.
1353 1900 1526 2000 imperiumque
1540 1902 1595 1966 BG,

521 2122 617 2171 9-16.
630 2120 670 2171 Ad
683 2121 828 2173 bellicosus
838 2121 1011 2187 tumultusque
1054 2129 1112 2185 tur,
1133 2137 1190 2172 oum
1203 2128 1324 2172 externus
1345 2121 1459 2178 domiuus
1480 2124 1597 2189 populum

469 2191 667 2254 transgreditur,
679 2191 704 2240 in
714 2189 805 2255 quibus
812 2189 926 2240 Fortuna
938 2206 1012 2256 prae·
1055 2206 1110 2240 cum
1124 2205 1184 2254 rege
1195 2190 1276 2242 uincit
1288 2198 1314 2240 et
1326 2189 1351 2239 in
1363 2198 1516 2256 potestatem
1526 2209 1597 2243 suam

470 2258 542 2323 cipue
555 2258 708 2309 dominatur.
734 2257 896 2323 luperioulis
914 2260 1013 2309 bellan·
1055 2260 1131 2323 cogit.
1323 2305 1325 2310 .

469 2327 532 2377 uum
544 2343 600 2377 cum
613 2326 743 2378 Fortunae
762 2327 837 2377 ludus
850 2328 1011 2378 atrocissima
1108 2328 1217 2377 14-16.
1237 2343 1288 2377 nce
1296 2329 1414 2392 popolus
1417 2329 1552 2394 frequens
1561 2358 1598 2367 —

470 2411 584 2461 quaeque
614 2403 759 2462 perpetret,
784 2402 887 2446 metam
927 2397 1011 2463 potius
1054 2399 1249 2462 imperiumque
1254 2397 1393 2460 frangat:
1409 2399 1476 2447 alter
1486 2397 1598 2448 cstFor-

469 2479 542 2530 quam
556 2480 626 2530 spem
640 2466 744 2530 pingere
756 2472 831 2530 poeta
844 2466 934 2516 uoluit.
1053 2472 1130 2514 tuuae
1143 2479 1229 2526 casus,
1244 2480 1299 2513 cum
1312 2465 1444 2529 imperium
1458 2466 1598 2517 domestica

520 2533 557 2582 9.·
572 2539 598 2583 te
615 2535 706 2584 Dacus
726 2550 821 2598 asper,
849 2539 876 2582 ta
894 2536 1013 2600 profugi
1054 2534 1180 2583 seditione
1189 2532 1328 2598 rumpitur;
1335 2536 1468 2598 Jtequeae
1477 2530 1598 2585 est‘cou·

469 2600 1009 2668 Scythae:Dacitribusauirisautequam
1053 2603 1187 2665 globatos,
1219 2602 1244 2650 iu
1269 2615 1384 2666 magnum
1409 2604 1597 2654 multitudinem

468 2672 532 2720 haec
545 2671 639 2736 scripta
653 2678 727 2734 suut,
749 2671 861 2735 iniquam
882 2671 1009 2721 fortunam
1053 2665 1194 2729 collectus,
1208 2677 1236 2720 ut
1249 2669 1272 2719 ll
1288 2671 1318 2719 ti
1333 2672 1375 2720 25.
1405 2671 1450 2720 llle
1464 2680 1597 2722 cessantes

392 2737 397 2749 '
468 2740 568 2805 experti
590 2746 679 2803 eraut,
705 2755 761 2791 cum
783 2738 818 2791 M.
834 2739 945 2791 Crassus
966 2755 1010 2791 eos
1052 2739 1077 2790 in
1092 2747 1178 2790 cetera
1192 2739 1322 2803 turba‚h.
1338 2755 1361 2791 e.
1377 2739 1460 2791 lassos
1472 2742 1514 2791 uel
1527 2741 1596 2792 timi-

468 2810 610 2859 debellauit
622 2809 659 2873 (a.
671 2810 744 2873 724).
771 2808 922 2858 hiuttae.
949 2809 1008 2859 Liu.
1053 2810 1108 2872 dos,
1124 2810 1372 2859 adarmaconcitat.
1391 2809 1595 2876 Praeclarepin-

468 2876 536 2943 Epit.
559 2878 618 2926 134.
649 2877 740 2927 Florus
761 2877 810 2927 llll
830 2877 860 2926 lb
883 2879 1007 2927 13-17.
1052 2878 1092 2927 xit
1111 2878 1261 2927 rebellantis
1280 2878 1451 2928 multitudiuis
1474 2880 1595 2929 adhorta-

468 2946 544 3010 Verg.
557 2945 650 3009 Georg.
665 2946 687 2995 ll
701 2947 750 2996 49,
766 2944 877 3013 Scythae
890 2953 949 2996 suut
962 2947 1009 2995 Ba·
1051 2946 1162 3009 tionem,
1182 2947 1240 2995 dum
1253 2947 1381 3011 componit
1399 2948 1436 2997 ad
1448 2964 1526 2999 arma
1539 2965 1594 2998 ces·

466 3021 570 3065 eternae
582 3021 609 3064 et
618 3015 666 3079 ipsi
676 3015 771 3064 deuicti
782 3014 911 3064 aCrasso.
931 3014 1007 3063 Coul.
1050 3018 1153 3076 santis,
1175 3014 1212 3063 ad
1226 3030 1316 3064 amna.
1348 3014 1467 3065 Fortasse
1479 3017 1593 3067 imitatus

466 3084 499 3133 ad
524 3083 610 3132 Carra.
636 3082 671 3131 lll
697 3082 712 3130 8
733 3082 858 3131 23-24.
890 3084 1011 3147 Profuge'
1052 3089 1092 3132 est
1113 3082 1221 3131 Ouidius
1234 3081 1338 3133 Metam.
1359 3084 1397 3133 Xl
1417 3085 1480 3136 377:
1502 3101 1592 3149 arma,

467 3151 640 3212 nominantur,
652 3150 717 3214 quod
731 3150 885 3199 instabilem
898 3166 1007 3215 pugnam
1051 3166 1128 3200 arura
1143 3166 1328 3216 capessamus,
1350 3151 1398 3203 Xll
1413 3153 1479 3205 241:
1502 3170 1591 3217 carna,

466 3234 516 3267 uon
527 3217 603 3267 focile
614 3217 821 3280 congrediuntur,
832 3218 876 3266 sed
887 3217 1007 3279 fugiendo
1051 3234 1138 3281 arena,
1154 3220 1314 3283 loquuntur.

465 3286 514 3336 sibi
533 3285 665 3335 consulere
679 3285 779 3334 solent:
799 3285 954 3336 contrarium
967 3286 1007 3335 la·
1104 3288 1213 3337 17-28.
1233 3288 1291 3338 Alio
1305 3305 1331 3339 se
1345 3290 1434 3339 uertit.
1460 3288 1522 3339 Nam
1536 3297 1594 3355 post

465 3356 538 3404 ciunt
549 3354 612 3402 Daoi
628 3356 727 3417 aspect
1050 3362 1131 3406 metus
1144 3356 1265 3407 describit
1278 3373 1370 3420 graues
1383 3373 1467 3423 casus,
1481 3357 1593 3424 quillor·

520 3422 560 3471 to.
589 3423 722 3485 urbesque
741 3426 902 3487 gentesque.-
929 3424 1008 3488 parti-
1050 3431 1126 3474 tunae
1140 3425 1199 3475 ludo
1212 3426 1330 3491 ingruere
1344 3427 1435 3476 solent.

464 3491 522 3540 cula
535 3488 655 3540 enclitica
668 3490 707 3539 bis
725 3489 808 3555 posita
822 3491 894 3555 quasi
908 3490 1006 3556 longam
1104 3494 1145 3543 17.
1170 3500 1196 3543 te
1214 3511 1320 3559 semper
1338 3499 1424 3545 anteit
1441 3509 1521 3545 serua
1539 3494 1592 3546 Ne-

463 3557 1004 3624 seriemmetuentiumFortuuumproducit.
1051 3566 1179 3612 cessitas:
1214 3580 1285 3613 nemo
1316 3572 1428 3613 ueterum
1459 3571 1592 3628 poetarum

510 3628 622 3679 Latiam
639 3629 746 3693 saroa:
773 3626 872 3677 feroces
897 3643 912 3677 a
936 3637 1006 3681 metu
1049 3646 1157 3681 seruam
1170 3632 1285 3682 exhihuit
1295 3626 1438 3697 Ἀνάγκην,
1452 3632 1495 3681 sed
1511 3632 1592 3682 llore-

463 3697 703 3763 plerumqucalieui
717 3704 800 3746 mmeu
813 3696 863 3746 uim
877 3695 1005 3749 Fortunae
1049 3700 1101 3749 tius
1123 3699 1235 3750 feliciter
1252 3701 1336 3750 audax
1356 3706 1382 3748 et
1406 3699 1453 3746 hoc
1470 3698 1544 3747 fiuxit
1564 3707 1591 3749 et

463 3768 569 3826 timeut3
582 3764 618 3816 cl.
630 3765 811 3831 liamaseroa·
824 3764 858 3815 lll
872 3766 887 3815 3
901 3767 944 3817 44.
1050 3784 1150 3818 seruam
1160 3772 1272 3833 praeire
1284 3766 1374 3828 uoluit,
1396 3780 1443 3813 nou
1457 3766 1589 3831 subsequi,

515 3835 557 3884 11.
583 3849 731 3901 regamque
751 3840 854 3884 matres
876 3836 1006 3887 barbare·
1047 3838 1113 3901 quod
1125 3837 1276 3901 pedisequae
1289 3834 1379 3883 solent.
1405 3832 1468 3881 lllud
1483 3835 1589 3900 occinit,

464 3917 540 3952 ram:
570 3912 665 3953 matres
689 3902 823 3953 timoribus
847 3903 1003 3969 potissimum
1047 3906 1112 3969 quod
1132 3917 1301 3968 quaecumque
1314 3900 1500 3951 Fortuua'lieri
1521 3905 1587 3969 nult,

462 3970 588 4020 ohnoxiae
601 3980 675 4035 suut,
695 3979 724 4021 ut
736 3972 829 4021 Atossa
842 3972 868 4020 iu
881 3971 1003 4040 Aeschyli
1046 3972 1190 4022 ineuitabili
1210 3970 1363 4019 necessitate
1379 3969 1459 4037 liu-ot,
1485 3979 1514 4021 ut
1533 3973 1589 4037 ipsa

462 4038 547 4089 Persis
560 4038 661 4091 absenti
673 4039 756 4091 Xerni
769 4040 821 4089 tilio
835 4040 916 4089 timet,
1046 4039 1191 4090 Necessitas
1204 4029 1333 4088 Fortunae
1352 4037 1464 4101 seruiat3
1486 4040 1532 4090 lioo
1544 4057 1589 4091 ex-

515 4108 556 4157 12.
573 4112 708 4175 purpurei
726 4112 854 4176 tyranni.-
879 4109 1002 4172 insignem
1045 4108 1142 4169 hibuit,
1169 4106 1235 4172 quod
1259 4107 1393 4171 imaginem
1416 4124 1430 4158 a
1453 4108 1587 4159 lictoribus

461 4176 1001 4241 regiaepotestatisuestemdumgestcut,
1044 4177 1209 4240 magistratus
1234 4176 1343 4226 maiores
1369 4174 1393 4225 iu
1419 4178 1482 4226 urbc
1507 4194 1587 4243 prac-

460 4245 553 4309 iutegri
571 4253 702 4307 metuunt,
724 4262 754 4297 ue
767 4246 895 4295 Fortunae
907 4244 1002 4293 iniuria
1045 4245 1196 4294 cedentibus
1208 4244 1313 4309 petitam
1320 4244 1439 4295 Romanis
1450 4246 1586 4295 lectoribus

490 4315 611 4364 otientur.
1044 4312 1167 4377 praebere
1187 4314 1282 4375 uoluit;
1308 4321 1337 4364 ut
1359 4314 1462 4365 lictores
1484 4315 1585 4364 iubente

417 4442 422 4450 ¹
513 4383 624 4433 13-14.
643 4380 998 4433 iniurioso-columnam:
1044 4382 1148 4431 consule
1166 4390 1211 4432 aut
1228 4390 1345 4447 praetore
1360 4383 1460 4433 obuium
1479 4384 1586 4448 preheu-

460 4466 569 4515 agnosce
593 4467 735 4503 sermonem
766 4465 826 4499 uere
857 4447 999 4513 poeticum3
1045 4450 1121 4513 dunt,
1141 4451 1178 4501 sic
1196 4454 1299 4502 uolente
1313 4452 1425 4501 Fortuna
1438 4450 1586 4501 Necessitas

459 4523 606 4570 iniuriosae
617 4537 665 4586 pce
677 4518 768 4582 estqui
779 4518 898 4565 iniurium
909 4516 997 4567 iulert.
1044 4520 1109 4569 lrunc
1122 4528 1166 4569 aui
1180 4521 1295 4571 illurnud
1308 4521 1457 4587 supplicium
1468 4520 1583 4585 corripit.

458 4586 536 4637 Stans
553 4589 669 4637 columna
687 4593 727 4635 est
747 4587 847 4647 integer
866 4592 893 4635 et
912 4592 1000 4636 rectus
1044 4588 1144 4652 Secura,
1165 4605 1214 4639 non
1233 4606 1330 4653 sacua,
1353 4604 1438 4639 ueram
1460 4605 1517 4639 esso
1537 4590 1585 4638 loci

458 4656 557 4721 imperii
568 4656 703 4722 populique
716 4660 808 4703 status.
837 4652 884 4716 Qui
897 4656 1000 4719 prorui·
1043 4658 1210 4725 scripturam,
1238 4675 1286 4711 uon
1310 4660 1389 4709 solum
1415 4665 1494 4708 testes
1518 4658 1585 4707 auti-

1609 1709 1615 1738 l

1674 1743 1681 1760 ·
1721 1699 1737 1818 l
