3884 5525
835 633 970 686 EPODON
989 636 1014 686 5.

540 896 544 905 Ι
567 806 669 867 maius
684 806 811 883 parabo,
829 808 930 868 maius
945 806 1107 871 infundam
1123 808 1180 873 tibi
1238 811 1245 820 '

610 918 784 979 fastidienti
800 918 958 995 poculum,

475 1095 478 1101 -
566 1062 716 1139 priusque
731 1062 850 1125 eaelum
867 1064 948 1125 sidet
961 1036 1096 1127 interius
1112 1070 1190 1131 mari
1235 1106 1255 1131 .

609 1172 724 1233 tellure
738 1179 880 1249 porrecta
897 1190 1007 1261 super,

566 1306 658 1392 puam
674 1332 737 1379 non
752 1333 857 1381 amore
872 1320 917 1381 sto
933 1336 1003 1382 meo
1018 1322 1132 1399 flagres
1148 1326 1195 1387 uti

609 1429 748 1490 bitumen
764 1430 842 1491 atris
858 1422 1007 1506 ignibus’.

567 1575 626 1636 sub
642 1574 718 1635 baec
732 1590 811 1651 puer
824 1577 886 1637 bam
902 1591 964 1637 non
981 1580 1017 1637 ut
1032 1581 1105 1639 ante
1121 1580 1266 1646 mollibus

608 1686 707 1747 lenire
721 1686 828 1747 uerbis
842 1687 956 1763 inpias,
1040 1720 1045 1730 ·

568 1800 622 1891 seb
638 1830 749 1915 dubius
764 1820 847 1893 unde
861 1837 1021 1908 rumperet
1035 1828 1193 1899 silentium

560 2002 566 2011 ,
610 1941 698 2002 misit
711 1940 887 2019 Thyesteas
902 1959 1022 2021 preces

563 2078 710 2163 ‘uenena
726 2102 872 2163 magnum
890 2090 938 2150 sas
950 2090 1113 2168 nefasque,
1129 2107 1190 2154 non
1207 2093 1314 2155 ualent

610 2202 795 2277 ponuertere
809 2200 975 2261 humanam
992 2202 1105 2264 uicem.

568 2340 645 2402 diris
661 2356 753 2419 agam
769 2356 844 2405 uos:
863 2346 930 2407 dira
945 2344 1112 2407 detestatio

609 2454 696 2515 nulla
710 2454 855 2530 expiatur
871 2456 1009 2519 uictima.
1454 2474 1487 2523 no

429 2607 470 2657 ab.
489 2606 572 2657 celum
584 2607 613 2658 S.
728 2608 770 2659 83.
791 2608 842 2676 Sup
853 2610 886 2661 11.
957 2611 1008 2661 iam
1022 2627 1064 2662 om
1076 2613 1109 2663 B.
1225 2613 1268 2662 84.
1288 2612 1370 2677 inpias
1385 2614 1422 2663 B:
1442 2614 1488 2663 irn-

359 2673 525 2740 piusAiISg.
645 2676 687 2729 86.
713 2678 904 2731 tbiesteasBS.
984 2696 1075 2747 preces
1087 2682 1120 2731 B.
1236 2680 1356 2731 89—90.
1383 2682 1487 2733 dira-

357 2744 462 2807 uictima
475 2744 589 2797 Seruius
602 2745 639 2798 ad
650 2747 716 2797 Aeo.
730 2745 775 2798 vlt
789 2747 849 2799 597.

359 2890 391 2940 ad
411 2890 488 2941 aliam
506 2891 629 2956 paelicem
645 2893 770 2957 cogitatio
788 2901 832 2944 tua
852 2910 901 2945 nou
997 2895 1040 2945 87.
1060 2911 1176 2958 umtenu,
1195 2898 1386 2961 magnumsua
1398 2897 1489 2962 affar-

359 2959 469 3023 redibit,
495 2960 558 3010 lieet
584 2962 684 3012 noueris
708 2961 802 3012 Marsis
830 2963 902 3015 uoci·
945 2981 1013 3030 que:
1032 2965 1314 3028 ueneuamugnnmias
1334 2972 1408 3028 sunt,
1432 2981 1488 3015 oum

359 3028 416 3078 bus·
436 3027 539 3080 Marsae
555 3046 633 3080 uooes
645 3047 691 3096 pro
704 3032 902 3083 incantamentis
944 3033 1076 3084 medendis
1088 3033 1247 3094 uulneribus,
1261 3033 1381 3085 tollendis
1394 3034 1489 3084 morbis

359 3095 518 3160 Marsorum,
541 3100 572 3148 de
592 3101 683 3163 quibus
703 3100 783 3166 Epod.
808 3103 838 3151 17
858 3102 901 3166 28,
945 3102 996 3152 rite
1010 3101 1173 3164 adhibentur,
1185 3102 1264 3152 etiam
1274 3103 1317 3152 ubi
1329 3103 1397 3153 noxii
1408 3110 1489 3154 morte

360 3165 545 3217 Serm.1929.
561 3166 674 3219 Lucilius
685 3185 709 3234 p.
719 3170 764 3219 371
781 3170 901 3221 flauere:
945 3170 1098 3238 puniuntur:
1125 3185 1243 3234 magnum
1265 3171 1338 3222 neios
1362 3179 1421 3221 sunt
1444 3188 1490 3222 ue·

359 3241 393 3286 ut
403 3237 505 3286 Murau'
516 3235 640 3286 colubros
652 3239 801 3304 disrumpit
808 3246 901 3292 eurttu.
946 3255 1027 3300 neno,
1043 3239 1085 3289 ubi
1098 3240 1130 3289 ad
1144 3241 1296 3290 auertendos
1309 3249 1354 3291 aut
1366 3240 1490 3291 infestan-

360 3303 461 3354 Gellius
474 3303 532 3354 xvi
548 3305 589 3355 il.
609 3305 689 3356 Silius
703 3307 759 3358 vttt
772 3309 833 3360 496.
946 3309 1121 3366 dosbomiues
1134 3309 1251 3360 innoxios
1264 3317 1435 3376 usurpantur,
1455 3310 1488 3369 si,

415 3373 457 3422 77.
477 3377 565 3423 maius
576 3377 699 3440 parabo:
719 3378 786 3442 qnod
804 3378 904 3427 maiora
946 3386 975 3427 ut
987 3379 1025 3428 ait
1039 3377 1136 3428 Plinius
1152 3377 1220 3443 (NH.
1232 3378 1251 3428 ΙΙ
1263 3379 1295 3429 63
1309 3380 1322 3443 5
1335 3381 1406 3442 157),
1418 3379 1492 3444 quod

362 3439 462 3492 officere
475 3443 577 3507 poterit.
947 3452 1024 3496 terra
1044 3447 1120 3496 nobis
1135 3447 1272 3497 malorum
1286 3448 1433 3498 remedium
1445 3463 1491 3512 go-

415 3510 457 3560 79.
477 3512 595 3575 beser-ius
613 3516 702 3562 mari:
722 3514 838 3576 inferius
857 3512 904 3562 tri·
946 3519 1023 3577 καῖέ,
1046 3530 1095 3564 noa
1115 3518 1191 3566 aritae
1204 3517 1328 3578 sacimas
1347 3531 1488 3566 uenenum.

361 3579 409 3629 bus
422 3577 485 3629 effer
497 3580 620 3646 syllabis3
640 3580 675 3630 ei.
690 3581 722 3631 ad
736 3581 816 3646 Epod.
831 3581 846 3629 2
859 3580 902 3629 35.
946 3581 1079 3645 Ingeniosa
1099 3581 1224 3646 Hauptius
1240 3585 1366 3634 cunieeit:
1388 3597 1491 3633 usnemu

413 3647 457 3698 81.
482 3665 708 3700 umore-meo.-
727 3649 746 3701 i.
767 3665 793 3716 q.
812 3665 905 3700 amore
946 3665 1030 3714 maga
1051 3665 1103 3699 non
1121 3652 1173 3711 sue
1194 3653 1339 3716 neposque,
1366 3666 1418 3700 non
1441 3665 1491 3699 uu·

361 3719 425 3766 mei.
947 3719 1004 3768 lent
1017 3723 1066 3766 oet.
1088 3716 1229 3767 Conuerte:
1252 3718 1403 3782 Gistaaffle,
1410 3719 1446 3782 J'a
1459 3733 1490 3767 ao

412 3786 485 3837 84-
495 3786 537 3836 82.
557 3791 602 3837 uti
619 3789 737 3838 bitumen
752 3791 822 3837 uiris
834 3788 906 3852 igni·
945 3791 999 3852 gut
1010 3801 1039 3833 ao
1054 3785 1187 3848 sublimen,
1202 3783 1345 3850 oermiigen
1357 3788 1441 3849 nient,
1456 3797 1505 3835 aa·

267 3875 288 3897 κ
362 3854 426 3904 bus.-
451 3856 718 3918 flagrante'bitumine
739 3863 812 3906 atrae
834 3857 905 3904 flam·
947 3853 1377 3918 baltensernaoasdirgebiibrt.

362 3937 418 3973 mae
431 3923 504 3973 fiunt.
1000 3922 1043 3971 88.
1060 3923 1204 3971 bumuuam
1218 3925 1320 3972 uicem.-
1334 3921 1414 3972 uicem
1425 3937 1490 3988 quae

414 3993 537 4042 83-86.
556 3991 596 4042 Ex
615 3993 738 4059 proximis
753 3993 831 4043 minis
843 4004 907 4058 puer
948 3990 1491 4056 bominibusproiactisreddituronenaob-

362 4063 444 4112 sensit
457 4062 516 4126 quid
531 4077 558 4111 se
571 4069 703 4126 expectet,
723 4077 803 4127 eoque
822 4061 905 4110 libere
949 4063 1018 4111 liobe
1039 4060 1227 4125 Vergeltung).
1244 4057 1325 4110 'uiees
1343 4068 1427 4110 autem
1448 4075 1492 4125 op-

362 4129 387 4179 in
402 4129 471 4179 diras
485 4131 535 4181 iam
549 4131 674 4195 erurupit‚
687 4138 716 4180 ut
728 4121 827 4180 Drusus
839 4130 905 4196 apud
948 4130 1078 4196 pelluntur
1102 4143 1197 4192 poenae
1217 4144 1282 4194 quae
1302 4127 1327 4178 in
1350 4129 1491 4180 sceleratos

361 4197 477 4249 Tacitum
492 4201 558 4248 Anu.
572 4197 605 4248 Vl
621 4199 664 4248 24.
949 4193 1119 4261 regeruntur’.
1139 4195 1311 4250 Poarararou.
1337 4199 1424 4264 ltaque
1445 4198 1492 4248 boe

415 4268 457 4317 85.
479 4268 576 4318 dubius
589 4267 660 4317 sende
674 4273 815 4332 rumperet
826 4267 907 4316 silan-
950 4267 1028 4318 dicit:
1042 4261 1169 4332 ‘quamuis
1183 4266 1278 4317 munita
1293 4267 1329 4317 sis
1342 4266 1435 4318 ualidis
1448 4282 1492 4316 ue-

363 4339 452 4387 tiam:
470 4337 618 4402 increpandi
636 4344 706 4386 tanta
719 4337 790 4403 eopia
804 4336 906 4400 uderot,
950 4337 1039 4400 uenis,
1060 4336 1142 4386 uicem
1163 4335 1209 4384 tibi
1230 4335 1340 4386 debitum
1361 4352 1409 4385 uon
1429 4333 1492 4384 eiiu-

362 4405 495 4470 utquibus
513 4405 600 4454 uerbis
620 4412 750 4471 rumperet
766 4405 906 4469 silentium,
950 4405 1023 4469 gies,
1047 4405 1091 4455 sed
1114 4419 1128 4452 a
1150 4419 1189 4453 me
1212 4411 1310 4453 mortuo
1331 4411 1427 4454 uexata
1448 4417 1492 4468 pro

363 4473 454 4523 dubins
467 4481 547 4525 esset.
950 4465 1286 4540 peecatispoenamdabis'.
1327 4511 1332 4518 .
1446 4532 1453 4549 Ι

415 4543 459 4592 86.
500 4541 648 4610 Thyesteae
674 4559 785 4608 preces:
818 4541 908 4608 quales
1004 4543 1045 4592 88.
1061 4543 1219 4606 diriaugam
1231 4534 1492 4608 αᾱεᾶραῖςδιωξω

363 4607 493 4680 Thyestes
510 4611 536 4660 in
551 4611 657 4660 tratrem
671 4611 776 4660 Atreum
788 4611 849 4661 olim
861 4610 908 4660 mi·
950 4605 1032 4677 ὑμᾶς.
1075 4640 1078 4647 ·
1101 4611 1163 4662 dira
1177 4610 1338 4662 detestatio:
1354 4606 1492 4658 detestatio

364 4680 415 4742 sit3
434 4696 461 4729 u.
476 4679 531 4730 Cio.
546 4677 652 4729 Tuscul.
668 4679 735 4729 144.
952 4678 1017 4728 diris
1029 4679 1078 4728 rite
1091 4687 1222 4746 concepta.
