3884 5525
850 584 856 595 ’
950 612 1088 665 uonnru

663 790 794 864 paratus
810 799 901 845 omne
917 779 1066 845 Caesaris
1081 782 1253 859 periculum

636 886 641 895 ’
708 898 825 972 sumre,
844 892 1024 970 Maecenas,
1042 897 1109 954 tuo.

664 1052 738 1127 quit
755 1050 834 1111 nost
849 1048 963 1125 quitus
978 1052 1010 1108 te
1026 1048 1094 1109 uita
1110 1048 1137 1109 si
1153 1052 1203 1109 est
1218 1045 1399 1122 superstite,

707 1160 856 1237 incuntis,
875 1160 902 1220 si
918 1162 1040 1235 eontra,
1059 1160 1180 1235 grauis.

593 1381 595 1384 ,
666 1320 814 1377 utrumne
828 1313 909 1375 iussi
924 1326 1149 1389 persequemur
1165 1312 1276 1387 otium,

709 1440 772 1487 non
788 1424 890 1501 dulce,
909 1425 940 1485 ni
957 1427 1060 1485 tecum
1075 1423 1181 1499 simul,

666 1595 707 1641 an
722 1581 805 1641 hunc
821 1579 959 1640 laborem
975 1580 1079 1638 mente
1094 1576 1200 1651 laturi,
1220 1551 1317 1635 tecet'

709 1704 771 1767 qua
787 1691 871 1751 terre
886 1704 948 1751 non
964 1688 1074 1749 molles
1091 1686 1199 1748 uiros?

530 1917 560 1966 ,4.
588 1928 723 1964 maecenas
743 1914 784 1963 A.-
811 1926 930 1963 mecenas
948 1910 1045 1976 BHSg‚
1172 1908 1199 1956 5.
1226 1907 1281 1956 uita
1300 1904 1322 1955 si
1342 1911 1382 1954 est
1400 1896 1588 1955 editorz'nita

459 1986 481 2036 si
502 1985 565 2049 Agg
585 1984 781 2048 Porphyrionis
805 1984 1015 2045 interpretatio,
1051 1978 1106 2027 nita
1127 1977 1163 2027 sit
1180 1980 1221 2038 ιο,
1257 1975 1312 2024 uita
1334 1972 1408 2024 BHS.

362 2049 366 2052 ’
459 2057 485 2104 6.
506 2052 695 2113 ΙοοιιτιιλαΗςς.
801 2051 826 2099 7.
847 2050 929 2099 oeinrn
939 2049 997 2099 BH.
1079 2047 1125 2097 ·8.
1144 2041 1589 2111 portiuncoersnrn.ria(=reli-

459 2121 558 2187 qna)A
574 2124 602 2169 in
613 2115 690 2184 folio
706 2118 765 2169 167.
877 2118 903 2167 9.
928 2132 960 2167 an
980 2113 1057 2182 hunc]
1077 2115 1205 2165 autnon.
1325 2112 1366 2162 10.
1393 2113 1500 2176 quaAg
1518 2126 1590 2161 cons-
1620 2120 1626 2134 “

459 2195 600 2241 mentator
612 2189 742 2253 cruquio.-
762 2184 841 2250 Quem
854 2184 980 2237 susos.

461 2467 568 2540 τείχους
594 2458 623 2521 ἐξ
650 2458 824 2543 ὑπερδεξίων
844 2454 1003 2543 &ponitur—
1045 2460 1081 2510 iio
1098 2474 1157 2509 eum
1171 2458 1356 2509 Liburnorum
1375 2456 1492 2506 auxiliis
1508 2470 1591 2521 proe-

461 2551 516 2585 ται.
543 2530 706 2583 tuentis:
725 2528 823 2594 ἐπειδη
842 2547 896 2597 γαρ
914 2530 953 2593 τῷ
973 2542 1003 2579 τε
1046 2532 1123 2595 cipue
1143 2531 1233 2577 nictus
1246 2527 1353 2592 suisset
1368 2526 1519 2588 Antonine,
1543 2541 1592 2574 en-

459 2604 575 2673 μεγέθει
588 2593 643 2650 τῶν
656 2601 705 2649 τοῦ
716 2602 861 2667 Καίσαρος
873 2600 944 2649 νεῶν
955 2596 1003 2647 καλ
1042 2600 1195 2665 perimente
1216 2598 1293 2645 tanti
1309 2597 1464 2645 certaminis
1480 2597 1589 2659 potuit,

461 2674 500 2735 τῷ
520 2664 623 2733 πλήθει
643 2668 698 2718 τῶν
716 2666 858 2733 ἐπιβατῶν
882 2660 1002 2716 oiseii
1046 2666 1228 2716 Liburnorum
1247 2680 1331 2713 narras
1344 2666 1441 2712 ceteris
1454 2666 1587 2727 aptiores.
1658 2720 1662 2731 .
1756 2718 1757 2725 ,

459 2741 580 2800 Σέξστος
598 2732 649 2804 οὐχ
667 2729 768 2801 ἥκιστα
787 2730 902 2800 ἥττητο,
925 2728 959 2785 τά
974 2749 1003 2784 τε
1046 2735 1121 2800 Ergo
1138 2732 1321 2785 similitudine
1339 2738 1367 2783 et
1383 2734 1491 2782 nornine
1508 2746 1590 2782 neur-

460 2804 554 2876 ακοίφη
567 2801 752 2858 κατεσκεύασε
765 2800 936 2869 (Ἀντώνιος)
952 2821 1003 2853 πο·
1044 2811 1129 2868 pato,
1149 2805 1186 2854 ad
1203 2802 1347 2853 eorundem
1367 2805 1458 2850 instar
1475 2802 1590 2850 classem

459 2874 492 2928 λὺ
517 2879 572 2927 τῶν
595 2874 730 2927 ἐναντίων
759 2869 938 2940 ὑπερέχοντα.
976 2872 1003 2922 in
1045 2872 1306 2939 Romaniprincipes
1319 2875 1476 2920 tenuerunt.
1492 2869 1591 2920 Litor-

459 2962 568 3013 pngnam
587 2947 712 2994 aduersus
729 2943 864 2993 Antonium
882 2941 1004 2992 Ontonia·
1047 2945 1091 2991 nin
1121 2957 1237 3007 namque
1259 2939 1416 2989 Dalmatiae
1442 2954 1511 3004 pars
1537 2944 1587 3000 est,

460 3032 507 3065 nos
532 3023 558 3064 et
581 3029 688 3078 magnas
712 3028 791 3062 naues
816 3013 904 3078 paneis
928 3010 1003 3060 annis
1045 3009 1186 3060 ioderinae
1204 3010 1345 3059 sentiscens
1365 3007 1489 3070 ciuitati,
1512 3010 1589 3057 anius

460 3091 519 3134 ante
541 3082 689 3133 aedificatas
711 3089 737 3130 et
758 3081 830 3130 lenes
850 3077 1002 3142 (Liburnos)
1046 3079 1167 3144 coempto
1186 3093 1256 3128 none
1273 3091 1356 3126 nones
1373 3075 1482 3125 bellicos
1493 3077 1591 3140 sabri-

458 3152 539 3201 misit.
559 3149 694 3200 Maecenas
706 3157 736 3199 ut
753 3149 794 3198 nir
804 3149 875 3214 pacis
893 3147 1002 3213 peritus,
1046 3152 1145 3196 eantur
1174 3152 1201 3197 et
1234 3146 1410 3211 appellantur
1440 3144 1589 3194 Liburnos.

459 3219 521 3268 beili
539 3218 703 3281 inexpertus,
724 3217 845 3265 Liburnis
865 3216 928 3277 ibit,
949 3214 1004 3279 qni·
1045 3213 1139 3264 Verum
1163 3230 1228 3264 nunc
1252 3213 1294 3264 lrio
1316 3220 1403 3262 noster
1423 3212 1538 3278 loquitur
1559 3214 1590 3263 tle

460 3288 506 3335 bns
528 3286 599 3334 iussa
617 3291 643 3333 et
662 3284 842 3346 nauigantibus
861 3291 888 3332 et
904 3283 1004 3332 bellan·
1045 3286 1147 3332 itinere
1159 3299 1173 3332 a
1186 3281 1334 3332 Maecenate
1348 3281 1525 3346 suscipiendo,
1540 3297 1590 3332 non

458 3355 528 3404 tibus
541 3351 675 3405 celerrime
688 3351 781 3400 afferre
796 3352 884 3416 possit.
910 3351 1004 3401 Conie-
1046 3351 1077 3400 de
1094 3352 1198 3416 proelio
1218 3350 1413 3414 committend03
1440 3350 1542 3400 nonnisi
1558 3351 1589 3401 de

458 3428 550 3472 rantur
571 3421 633 3470 haec
655 3420 744 3470 ilionis
766 3418 786 3468 L
808 3419 839 3468 31
866 3420 896 3468 do
920 3435 1003 3486 pugna
1047 3419 1166 3470 Caesaris
1185 3427 1309 3485 apparatu
1328 3419 1419 3468 bellico
1438 3419 1463 3468 in
1477 3419 1591 3468 hisnar-

458 3491 581 3542 Aetiaea:
605 3481 790 3556 παμπόλλους
806 3485 837 3538 δὲ
855 3488 902 3537 καλ
921 3483 1004 3546 αὐτὸς
1047 3488 1134 3538 siculis
1165 3489 1293 3553 loquitur,
1324 3487 1393 3537 nulio
1421 3488 1589 3538 aduersarum

459 3560 572 3623 (Caesar
585 3557 757 3620 Octauianus)
777 3552 875 3615 πεζοὺς
893 3556 941 3607 ἐπὶ
954 3553 1004 3614 τὰς
1046 3558 1156 3623 partium
1175 3556 1242 3608 iacta
1262 3556 1402 3607 mentione:
1423 3557 1470 3606 has
1484 3557 1589 3606 demum

459 3631 526 3685 ναῦς
550 3620 714 3692 ἐπιβιβάσας
737 3626 784 3676 καλ
809 3619 919 3683 πάντας
940 3621 1003 3683 τοὺς
1045 3625 1238 3690 significauitu.
1254 3627 1268 3674 3
1282 3626 1345 3675 eti.

459 3696 586 3766 ἑταίρους
602 3694 630 3752 ἐς
647 3691 799 3761 ὑπηρετικὰ
812 3695 849 3760 (in
863 3693 1002 3757 Liburnae)
1095 3695 1185 3744 3-4.
1207 3699 1326 3760 paratus
1338 3721 1374 3730 -
1386 3698 1447 3743 tuo:
1468 3694 1590 3759 quamdiu

458 3756 593 3836 ἐμβαλών,
614 3757 732 3821 inercia*
745 3759 824 3830 τάχει
837 3765 1002 3833 περιπλέον-
1046 3762 1204 3824 Octauianus
1228 3770 1255 3813 et
1276 3761 1412 3814 Maecenas
1437 3763 1484 3811 inoc
1507 3762 1589 3826 agita-

460 3850 505 3892 τες
522 3839 579 3891 τοῖς
600 3848 629 3884 τε
649 3848 703 3884 ναυ
726 3851 743 3881 α
764 3836 826 3882 nine
847 3828 881 3882 τὰ
902 3831 1002 3883 δέοντα
1044 3831 1116 3894 bant,
1130 3830 1302 3882 ntMaec'enas
1315 3830 1590 3882 aduersasAntoninm

460 3905 651 3968 παραινέσιοσι
665 3851 723 3951 καλ
732 3851 822 3966 [λιτῷ
841 3896 875 3950 τὰ
894 3895 1002 3970 προσὴ-
1045 3901 1105 3964 iret,
1116 3902 1274 3950 Octauianus
1287 3915 1390 3950 manere
1402 3901 1426 3948 in
1441 3899 1503 3948 nrlre
1516 3900 1591 3949 nide-

458 3986 544 4022 κοντα
573 3969 774 4036 διαγγέλλωσι,
806 3963 854 4020 τὸν
883 3968 1002 4020 ἔκπλουν
1045 3977 1088 4019 tur
1114 3971 1238 4020 noluisse.
1275 3968 1339 4020 Nam
1370 3983 1442 4018 omne
1466 3967 1591 4018 Caesaris

460 4041 542 4104 σφῶν
571 4038 686 4102 (Antonii
711 4039 831 4104 partium)
862 4032 1001 4107 ἐπετήρει.
1044 4038 1185 4104 periculum
1216 4054 1261 4088 suo
1290 4038 1377 4088 subire
1402 4037 1469 4086 uelle
1494 4038 1592 4087 dicitnr

457 4108 510 4158 Alii
524 4108 658 4157 Liburnos
678 4107 728 4156 dici
741 4106 862 4157 Caesaris
881 4106 1000 4170 classem,
1045 4105 1190 4172 Maecenas,
1206 4123 1255 4156 non
1268 4107 1360 4174 partiri
1373 4107 1416 4157 nel
1428 4106 1506 4156 simul
1520 4105 1589 4156 ierne

458 4177 517 4226 aito
537 4179 648 4225 nauium
664 4175 872 4241 propagnacula
885 4175 1002 4239 ingentes
1043 4176 1121 4227 uelle.

458 4244 564 4294 Antonii
583 4257 661 4293 naues
680 4243 814 4294 affirmant.
835 4243 902 4293 Sane
921 4242 1001 4294 Anto·
1098 4245 1122 4296 5.
1149 4245 1308 4312 quidnosl:
1328 4243 1428 4308 ellipsis
1440 4243 1513 4292 uerbi
1528 4257 1592 4308 age·

458 4314 494 4364 nii
514 4327 594 4362 naues
610 4312 745 4363 aduersam
763 4313 870 4363 classem
890 4312 956 4361 mole
976 4320 1002 4362 et
1044 4327 1120 4377 mur,
1144 4314 1283 4378 sociemus
1311 4311 1414 4363 facilins
1444 4311 1591 4362 admittitur

457 4380 620 4433 multitudine
650 4389 863 4447 propugnatorum
895 4395 1001 4445 snpera—
1044 4389 1102 4447 post
1113 4383 1277 4446 pronomina,
1297 4397 1323 4430 n,
1338 4397 1361 4431 c.
1376 4380 1445 4444 quid
1457 4385 1502 4440 tn,
1523 4380 1591 4446 quid

458 4452 537 4514 bant,
555 4457 585 4500 nt
602 4457 715 4500 testatur
734 4449 781 4498 Dio
799 4449 819 4498 L
840 4449 871 4498 ts
891 4456 918 4498 et
929 4450 961 4500 23
975 4456 1002 4500 et
1045 4465 1104 4516 ego,
1119 4451 1184 4514 quid
1195 4451 1249 4513 iiie,
1266 4450 1332 4514 qnid
1343 4453 1423 4500 onst

458 4520 491 4568 29
511 4527 538 4568 et
556 4519 606 4575 32.
625 4517 927 4568 platamonensem
944 4534 999 4582 sqq.
1096 4519 1187 4569 5-6.
1208 4521 1306 4584 quitus
1324 4523 1351 4568 te
1370 4521 1432 4567 nita
1450 4519 1476 4566 si
1492 4521 1591 4566 estsu-

458 4587 500 4635 (λλ.
516 4586 637 4650 Vegetius
655 4587 686 4634 tle
703 4601 730 4633 re
743 4585 848 4634 militari
862 4585 905 4635 llll
920 4587 953 4636 33
966 4585 1000 4650 (V
1041 4590 1168 4650 perstitc,
1183 4587 1311 4650 iucundo,
1324 4591 1349 4636 si
1361 4591 1466 4647 contra,
1476 4588 1589 4651 granis:

458 4654 499 4712 3)ι
515 4655 639 4718 Angsuto
649 4653 794 4703 dimicante
802 4655 913 4705 Actiaco
919 4671 1001 4721 proe—
1045 4655 1091 4704 noe
1110 4655 1191 4720 dicit,
1214 4658 1311 4720 quibus
1330 4659 1356 4705 si
1374 4660 1415 4704 est
1432 4657 1492 4704 nito
1507 4659 1534 4704 te
1545 4669 1589 4702 sn-
