3884 5525
897 607 902 617 ¹
932 643 1071 694 uonaru

854 919 1073 981 ,XXXVL

649 1095 690 1158 Ει
706 1101 776 1158 ture
791 1101 823 1157 ct
838 1096 950 1156 fluibus
965 1096 1055 1156 iuuat
1096 1170 1101 1184 Ι

647 1208 770 1283 placare
786 1211 817 1273 et
832 1207 923 1268 uituli
938 1207 1092 1282 sanguine
1109 1206 1211 1267 deluto

649 1352 794 1413 custodes
810 1349 965 1412 Numidae
982 1351 1067 1426 deos,
1149 1417 1152 1423 ,

648 1465 700 1538 qui
717 1477 800 1524 nunc
815 1461 967 1538 Hesperia
982 1477 1091 1537 sospes
1107 1461 1144 1522 ati
1161 1461 1269 1522 ultima
1319 1529 1324 1539 ,

509 1634 547 1685 ao
560 1633 703 1685 Numidam.
724 1632 792 1684 Meti·
802 1633 881 1698 primo
894 1648 972 1683 uersu
986 1633 1140 1700 glyconium,
1156 1631 1282 1684 secundus
1296 1629 1466 1696 asclipiadeus
1480 1630 1513 1680 A.

441 1705 513 1754 e.ka
534 1703 607 1753 istioe
627 1704 659 1752 ad
681 1702 812 1754 Numidam
835 1703 943 1751 amicum
962 1703 994 1752 B.
1109 1699 1284 1750 Eucharistiae
1304 1699 1443 1764 alloquitur
1462 1698 1569 1748 amioum

441 1771 549 1823 Numidi
561 1773 636 1835 (ad?)
649 1771 763 1821 Lamiam
777 1771 924 1821 redeuntem
938 1771 971 1820 H.

512 1841 536 1892 1.
555 1841 697 1890 Diomedes
710 1842 729 1889 l.
741 1857 764 1889 c.
835 1840 910 1889 thure
922 1855 952 1904 g·
1055 1839 1080 1888 4.
1100 1837 1209 1888 Seruius
1222 1837 1259 1888 ad
1271 1836 1373 1902 Vergil.
1386 1836 1454 1886 Aea.
1469 1834 1478 1884 1
1491 1835 1551 1884 530.

489 2008 704 2061 cirmxxxvu
717 2009 883 2060 Prooemium.
898 2008 985 2060 Graio
1028 2023 1116 2074 presan
1137 2013 1184 2056 est.
1206 2005 1259 2076 ¹llio
1277 2002 1384 2056 XLVlll
1403 2007 1453 2055 45:
1472 2000 1528 2054 ὑπὸ
1542 2001 1572 2054 dt

1030 2074 1078 2127 τὸν
1090 2070 1175 2125 αὐτὸν
1194 2075 1292 2155 rodrpa
1303 2070 1408 2156 χρόνον
1420 2069 1433 2124 ὃ
1446 2067 1572 2140 Βογοὺας

442 2117 509 2166 argo
533 2100 598 2149 deos
622 2105 711 2150 oniaco
736 2115 816 2148 aocrc
829 2099 984 2163 suciamus,
1028 2141 1042 2194 ὃ
1057 2146 1177 2207 Μαῦρος
1195 2141 1222 2200 ἐς
1242 2158 1291 2204 την
1313 2135 1571 2211 Ιβηρίαν-,πλεύ,

442 2190 516 2256 quod
527 2189 645 2239 Numida
664 2205 755 2254 sospes
772 2191 806 2238 ad
824 2188 922 2238 altimo
936 2189 986 2237 He-

441 2283 533 2345 sperio
559 2279 657 2342 rediit,
682 2277 767 2342 epulis
792 2279 931 2343 chorisque
954 2294 987 2328 ao
1029 2277 1241 2333 antirrinum.
1260 2296 1312 2330 καν
1330 2275 1418 2345 τούτῳ
1435 2281 1573 2331 τῶνοῖκοι

403 2396 406 2401 -
442 2369 517 2419 auito
530 2385 581 2419 aon
593 2368 733 2433 gaudendi
744 2369 823 2418 modo
837 2368 984 2418 aduentam
1030 2344 1573 2418 r‘filmdlfliiTsiyll'3⁷¹‘W‘1‘510H'1‘1W

442 2458 708 2508 maedam·
726 2455 847 2522 uem
861 2460 888 2524 ⁵)
1030 2417 1573 2557 utum'stimatm‘tut

494 2556 601 2623 Quando
616 2555 724 2608 Numida
744 2556 846 2608 Romam
867 2557 984 2620 redierit,
1027 2575 1082 2624 pap
1102 2553 1135 2606 ad
1154 2557 1202 2605 τοῦ
1214 2558 1358 2623 Καίσαρος
1377 2554 1406 2608 ἐν
1426 2558 1458 2626 τῇ
1469 2551 1573 2624 ’.Ιβηρίᾳ

444 2641 491 2675 non
515 2626 581 2676 satis
605 2635 714 2677 constat.
748 2627 901 2692 interpretes
927 2625 986 2675 noui
1030 2621 1207 2695 πράσσοντες
1218 2619 1410 2691 καὶὸΒόκχος
1421 2617 1573 2691 προσγενό-

442 2696 542 2745 Acrone
562 2696 624 2745 duoe
650 2703 675 2745 et
699 2696 873 2746 consentiente
894 2695 987 2744 Seruio
1027 2689 1112 2765 μενὸς
1137 2691 1220 2761 odrae
1244 2696 1385 2762 κρείττους
1409 2689 1495 2744 αὐτοῦ
1516 2691 1573 2758 1γέ-

443 2766 474 2813 ad
500 2764 599 2828 Vergil.
625 2765 688 2815 Aen.
715 2765 724 2818 1
751 2766 801 2815 530
832 2766 986 2831 Hesperiam
1028 2780 1119 2816 voveo.
1135 2759 1209 2813 Hisce
1222 2763 1299 2813 rebus
1313 2762 1421 2815 Plotium
1435 2761 1571 2813 Numidam

443 2835 568 2883 ultimam
588 2833 612 2883 in
631 2842 723 2899 quarto
737 2850 813 2887 uersu
827 2834 877 2883 dici
892 2835 988 2899 Hispo·
1029 2833 1177 2884 interluisse
1191 2832 1304 2899 conici03
1324 2834 1388 2897 quod
1403 2833 1424 2883 si
1438 2841 1507 2881 reete
1521 2838 1574 2881 ata·

443 2906 517 2952 aiom
531 2903 638 2952 credunt
656 2910 682 2951 et
694 2918 779 2953 aarum
793 2903 847 2953 suis
861 2902 984 2951 hominem
1028 2903 1119 2960 luitur,
1134 2902 1177 2951 ille
1191 2908 1217 2951 et
1230 2902 1254 2951 in
1270 2901 1393 2965 Hispania
1408 2908 1435 2951 et
1447 2901 1472 2949 ia
1485 2900 1573 2950 Africa

443 2987 498 3021 oum
511 2973 624 3034 Augusto
642 2970 713 3020 illinc
732 2986 756 3020 a.
767 2972 816 3020 730
830 2971 928 3021 redisse
941 2986 985 3035 pu·
1028 2972 1106 3021 rebus
1129 2970 1249 3033 gerendis
1278 2971 1372 3019 adluit.
1404 2968 1474 3019 Vnde
1499 2984 1572 3034 porro

443 3047 508 3089 tant.
529 3039 624 3088 Contra
642 3039 839 3089 Mauritaniam
860 3056 916 3089 esso
937 3038 987 3087 lle-
1028 3038 1200 3101 cognoscitur,
1215 3053 1261 3087 our
1272 3037 1380 3089 Flaccus
1394 3037 1574 3104 nequeHispa-

443 3108 553 3173 speriam
580 3107 692 3156 ultimam
718 3108 849 3157 contendit
872 3107 986 3173 Porphy-
1028 3108 1095 3158 uiam
1121 3122 1201 3171 neque
1221 3106 1333 3157 Africam
1358 3108 1428 3157 clare
1446 3106 1574 3171 signifiea-

442 3176 515 3226 rion:
539 3170 660 3224 ‘Numida
682 3176 722 3224 laio
743 3191 757 3223 e
778 3175 935 3224 Mauritania
960 3178 985 3223 in
1028 3177 1105 3238 uerit,
1120 3176 1163 3224 sed
1178 3183 1263 3225 terras
1274 3176 1419 3227 Occidentis
1432 3174 1572 3239 generatim

443 3259 492 3309 qua
505 3244 672 3306 militauerat,
688 3258 806 3292 reuersus
819 3239 884 3293 est'.
907 3243 987 3307 Equi·
1028 3246 1184 3310 Hesperiam
1202 3245 1329 3295 ultimam
1347 3246 1489 3295 uocauerit.
1520 3242 1573 3293 lta-

444 3313 499 3361 dcm
512 3313 559 3361 hoo
572 3326 673 3360 carmen
688 3326 753 3360 anno
767 3313 827 3375 730,
849 3327 898 3377 quo
913 3311 988 3362 Flac·
1027 3329 1075 3379 qua
1095 3314 1140 3361 hoc
1159 3328 1260 3363 carmen
1274 3316 1343 3365 circa
1358 3330 1448 3365 anuum
1464 3314 1513 3364 ’118
1528 3312 1573 3377 (36

443 3380 923 3445 cusquadragesimumpnimumuitae
941 3396 987 3430 an·
1029 3398 1053 3433 a.
1075 3380 1150 3447 Chr.)
1169 3383 1334 3449 compositum
1360 3399 1416 3433 esse
1441 3382 1573 3433 existima-

445 3466 501 3499 aum
516 3448 646 3515 impleuit,
667 3449 796 3499 ascribere
811 3465 985 3514 pomposiam,
1030 3451 1122 3502 bimus.

443 3517 534 3585 purtim
556 3524 659 3583 propter
673 3510 765 3568 uersui
786 3518 897 3568 17-20
922 3520 987 3569 salis
1084 3521 1107 3569 1.
1114 3519 1237 3583 fidibus:
1248 3516 1376 3571 ‘fidicinas
1388 3520 1462 3571 hodie
1475 3532 1572 3585 quoque

444 3587 571 3650 lasciuus,
590 3586 682 3653 partim
703 3595 790 3637 cetera
808 3588 987 3653 poematisiu-
1030 3589 1124 3641 Romae
1149 3589 1181 3638 ad
1205 3590 1333 3641 sacrificia
1361 3590 1477 3639 adhiberi
1508 3589 1574 3637 sicut

444 3656 553 3705 uenilam
573 3662 683 3705 aetatem
703 3657 824 3708 testantis
838 3664 931 3709 natura
943 3658 987 3707 de·
1030 3660 1159 3722 tibicines,
1174 3674 1246 3708 uerno
1260 3658 1355 3723 estqui
1369 3650 1489 3707 nesciat’.
1509 3655 1585 3705 Pon-¹

445 3725 568 3785 territus3
595 3740 676 3790 neque
697 3724 842 3791 Hispaniam
867 3726 916 3776 dici
937 3726 987 3778 lle-
1031 3742 1148 3782 carnion.

440 3794 553 3860 aperiam
584 3794 697 3843 ultimam
729 3795 778 3844 uisi
808 3810 823 3845 a
847 3795 937 3847 Seruio
961 3802 989 3845 et
1082 3796 1107 3849 2.
1130 3794 1259 3861 placare:
1284 3794 1309 3841 h.
1330 3808 1353 3842 e.
1373 3790 1496 3858 propitios
1516 3790 1574 3839 rod-

444 3864 543 3913 Acrone
572 3863 655 3911 adhue
684 3864 802 3927 cognomi.
838 3862 931 3917 Verum
962 3865 988 3917 ia
1030 3864 1163 3925 decorem,
1185 3862 1226 3928 qui
1246 3869 1302 3929 post
1322 3859 1444 3925 insignem
1464 3859 1574 3923 gratiam

444 3930 532 3981 Africa
546 3938 605 3981 sunt
618 3932 794 3997 Hesperidum
807 3934 885 3983 dorii
899 3941 925 3983 et
937 3935 989 3982 He·
1031 3934 1115 3983 reditu
1134 3931 1265 3996 probatam
1283 3928 1392 3989 neglecti
1405 3928 1483 3977 irasci
1497 3927 1573 3977 lacile

444 4000 987 4066 rporidumpromoaiorium(PliniusNH.
1032 4007 1145 4068 possunt.
1162 3993 1279 4049 ‘Planare
1300 4004 1383 4046 autem
1405 4013 1448 4061 pru
1464 3997 1573 4062 eoquod

446 4067 466 4117 V
488 4069 529 4132 1),
555 4068 590 4117 ibi
615 4076 675 4122 suut
694 4070 839 4135 Aethiope»
855 4071 988 4134 Hesperii,
1032 4077 1072 4119 est
1101 4068 1208 4129 gratiam
1239 4064 1337 4115 referre
1363 4066 1573 4129 intellegendum,

445 4138 511 4187 duae
526 4138 700 4203 Hesperidum
715 4139 941 4203 insutaepoidem
954 4136 988 4187 Vl
1033 4154 1080 4188 non
1105 4142 1133 4184 ut
1157 4134 1253 4199 placari
1278 4134 1338 4184 irati
1358 4135 1491 4185 dicuntur:
1518 4150 1574 4183 oum

446 4206 478 4256 36
498 4205 571 4269 (31),
597 4206 742 4270 Hesperiam
768 4223 845 4257 ceras
866 4206 911 4271 (Vl
932 4208 987 4268 35),
1032 4205 1096 4256 enim
1108 4202 1239 4252 Numidam
1251 4203 1320 4253 dicat
1331 4205 1450 4271 sospitem
1464 4203 1573 4265 redisse,

445 4276 591 4341 Hesperius
608 4290 685 4327 mour
706 4276 740 4337 (ll
762 4277 810 4325 110
824 4274 909 4339 (106).
938 4274 990 4324 lta·
1032 4279 1137 4339 apparet
1161 4286 1216 4320 aum
1243 4272 1303 4321 deos
1328 4272 1450 4338 propitios
1471 4278 1574 4321 etanta

446 4359 493 4408 quc
513 4360 560 4392 non
581 4345 748 4409 spernendum
766 4352 807 4393 est
824 4343 901 4403 illud,
923 4342 988 4407 qnod
1031 4340 1158 4393 sacrificia
1172 4335 1314 4391 habuisso'.
1335 4340 1508 4391 Ponruumou.

445 4413 557 4479 prodidit
581 4410 738 4478 Porphyrion
769 4412 800 4461 dc
824 4409 932 4459 Numida
956 4426 988 4459 ex
1032 4411 1137 4460 dedito:
1162 4408 1249 4458 debito
1274 4417 1319 4459 aut
1341 4417 1445 4476 propter
1466 4408 1574 4473 gratiam

446 4480 599 4532 Mauritania
614 4495 729 4529 reuerso.
748 4479 854 4529 Scilicet
866 4493 933 4527 anno
947 4494 990 4527 ur-
1032 4478 1100 4529 adis
1114 4485 1242 4543 acceptam
1263 4486 1308 4529 aut
1327 4480 1393 4545 quod
1411 4478 1494 4528 hostia
1513 4480 1575 4526 dola

446 4548 485 4598 bis
506 4550 555 4604 716
576 4549 601 4598 in
614 4547 768 4607 Mauritania
789 4546 918 4595 turbatum
938 4554 987 4609 eat,
1032 4555 1081 4599 est.
1107 4546 1263 4614 PorpHyriou
1284 4548 1347 4597 hano
1367 4548 1473 4597 alteram
1494 4545 1575 4594 ratio-

446 4633 476 4666 ac
495 4618 586 4667 seditio
600 4616 767 4665 Romanorum
787 4615 934 4664 interuentu
946 4631 990 4665 ao·
1033 4633 1088 4667 nem
1102 4616 1245 4682 explicandi
1260 4616 1349 4682 probat
1366 4612 1435 4681 (pro
1450 4614 1520 4665 cuius
1534 4627 1563 4663 aa

445 4685 553 4751 altisque
577 4699 609 4735 aa
628 4683 749 4748 Hispania
773 4682 895 4733 militibus
923 4700 990 4735 com·
1032 4686 1086 4737 lute
1098 4712 1134 4721 —
1146 4693 1206 4735 uota
1219 4686 1319 4736 soluere
1333 4699 1439 4751 aeqnum
1458 4696 1516 4733 asse
1536 4682 1575 4731 di·

1030 2229 1081 2270 σας
1094 2208 1181 2262 πολλὰ
1193 2209 1246 2280 μὲν
1258 2207 1420 2292 ἐλύμήνατο,
1441 2205 1527 2261 πολλὰ
1542 2208 1572 2260 δὲ
1671 2223 1679 2234 ’

1721 1777 1736 1826 ,ἐκ
1753 1788 1754 1846 p

1753 1855 1754 1904 l
