<?xml version="1.0" encoding="UTF-8"?>
<!DOCTYPE html PUBLIC "-//W3C//DTD XHTML 1.0 Transitional//EN"
    "http://www.w3.org/TR/xhtml1/DTD/xhtml1-transitional.dtd">
<html xmlns="http://www.w3.org/1999/xhtml" xml:lang="en" lang="en">
 <head>
  <title>
</title>
<meta http-equiv="Content-Type" content="text/html;charset=utf-8" />
  <meta name='ocr-system' content='tesseract 3.04.00' />
  <meta name='ocr-capabilities' content='ocr_page ocr_carea ocr_par ocr_line ocrx_word'/>
</head>
<body>
  <div class='ocr_page' id='page_1' title='image "./horatiicarminae00rittgoog/horatiicarminae00rittgoog_0070.png"; bbox 0 0 3884 5525; ppageno 0'>
   <div class='ocr_carea' id='block_1_1' title="bbox 836 640 1118 695">
    <p class='ocr_par' dir='ltr' id='par_1_1' title="bbox 836 640 1118 695">
     <span class='ocr_line' id='line_1_1' title="bbox 836 640 1118 695; baseline 0.032 -11"><span class='ocrx_word' id='word_1_1' title='bbox 836 681 838 684; x_wconf 88' lang='lat'>.</span> <span class='ocrx_word' id='word_1_2' title='bbox 920 672 936 695; x_wconf 70' lang='grc'><strong>,-</strong></span> <span class='ocrx_word' id='word_1_3' title='bbox 983 640 1118 693; x_wconf 66' lang='lat' dir='ltr'><strong>donabit</strong></span> 
     </span>
    </p>
   </div>
   <div class='ocr_carea' id='block_1_2' title="bbox 692 810 1249 998">
    <p class='ocr_par' dir='ltr' id='par_1_2' title="bbox 692 810 1249 998">
     <span class='ocr_line' id='line_1_2' title="bbox 694 810 1166 891; baseline 0.006 -22"><span class='ocrx_word' id='word_1_4' title='bbox 694 810 746 885; x_wconf 83' lang='lat' dir='ltr'><strong>qui</strong></span> <span class='ocrx_word' id='word_1_5' title='bbox 766 810 844 871; x_wconf 87' lang='lat' dir='ltr'><strong>uidit</strong></span> <span class='ocrx_word' id='word_1_6' title='bbox 859 825 944 872; x_wconf 87' lang='lat' dir='ltr'><strong>mero</strong></span> <span class='ocrx_word' id='word_1_7' title='bbox 959 810 1118 891; x_wconf 80' lang='lat' dir='ltr'><strong>turgidum</strong></span> <span class='ocrx_word' id='word_1_8' title='bbox 1128 814 1166 875; x_wconf 78' lang='lat' dir='ltr'><strong>,ot</strong></span> 
     </span>
     <span class='ocr_line' id='line_1_3' title="bbox 692 919 1249 998; baseline 0.005 -18"><span class='ocrx_word' id='word_1_9' title='bbox 692 919 819 981; x_wconf 77' lang='lat' dir='ltr'><strong>infamis</strong></span> <span class='ocrx_word' id='word_1_10' title='bbox 835 922 980 998; x_wconf 87' lang='lat' dir='ltr'><strong>scopulos</strong></span> <span class='ocrx_word' id='word_1_11' title='bbox 996 920 1249 983; x_wconf 82' lang='lat' dir='ltr'><strong>Acroceraunia?</strong></span> 
     </span>
    </p>
   </div>
   <div class='ocr_carea' id='block_1_3' title="bbox 690 1074 1176 1261">
    <p class='ocr_par' dir='ltr' id='par_1_3' title="bbox 690 1074 1176 1261">
     <span class='ocr_line' id='line_1_4' title="bbox 690 1074 1117 1149; baseline 0.002 -15"><span class='ocrx_word' id='word_1_12' title='bbox 690 1074 877 1149; x_wconf 79' lang='lat' dir='ltr'><strong>nequiquam</strong></span> <span class='ocrx_word' id='word_1_13' title='bbox 892 1074 970 1136; x_wconf 90' lang='lat' dir='ltr'><strong>deus</strong></span> <span class='ocrx_word' id='word_1_14' title='bbox 985 1074 1117 1135; x_wconf 72' lang='lat' dir='ltr'><strong>abscidit</strong></span> 
     </span>
     <span class='ocr_line' id='line_1_5' title="bbox 691 1180 1176 1261; baseline 0.002 -15"><span class='ocrx_word' id='word_1_15' title='bbox 691 1184 827 1261; x_wconf 87' lang='lat' dir='ltr'><strong>pmdens</strong></span> <span class='ocrx_word' id='word_1_16' title='bbox 843 1180 970 1248; x_wconf 82' lang='lat' dir='ltr'><strong>Oceano</strong></span> <span class='ocrx_word' id='word_1_17' title='bbox 986 1185 1176 1247; x_wconf 87' lang='lat' dir='ltr'><strong>dissociabili</strong></span> 
     </span>
    </p>
   </div>
   <div class='ocr_carea' id='block_1_4' title="bbox 690 1338 1327 1525">
    <p class='ocr_par' dir='ltr' id='par_1_4' title="bbox 690 1338 1327 1525">
     <span class='ocr_line' id='line_1_6' title="bbox 690 1338 1088 1421; baseline 0.008 -24"><span class='ocrx_word' id='word_1_18' title='bbox 690 1341 810 1421; x_wconf 53' lang='lat' dir='ltr'><strong>terram</strong></span> <span class='ocrx_word' id='word_1_19' title='bbox 823 1338 850 1398; x_wconf 86' lang='lat' dir='ltr'><strong>si</strong></span> <span class='ocrx_word' id='word_1_20' title='bbox 866 1341 969 1399; x_wconf 81' lang='lat' dir='ltr'><strong>tamen</strong></span> <span class='ocrx_word' id='word_1_21' title='bbox 985 1339 1088 1415; x_wconf 89' lang='lat' dir='ltr'><strong>inpiae</strong></span> 
     </span>
     <span class='ocr_line' id='line_1_7' title="bbox 692 1450 1327 1525; baseline 0.002 -16"><span class='ocrx_word' id='word_1_22' title='bbox 692 1462 753 1509; x_wconf 94' lang='lat' dir='ltr'><strong>non</strong></span> <span class='ocrx_word' id='word_1_23' title='bbox 769 1450 927 1525; x_wconf 82' lang='lat' dir='ltr'><strong>tangenda</strong></span> <span class='ocrx_word' id='word_1_24' title='bbox 941 1454 1027 1511; x_wconf 84' lang='lat' dir='ltr'><strong>retes</strong></span> <span class='ocrx_word' id='word_1_25' title='bbox 1041 1452 1222 1513; x_wconf 85' lang='lat' dir='ltr'><strong>transiliunt</strong></span> <span class='ocrx_word' id='word_1_26' title='bbox 1237 1450 1327 1511; x_wconf 87' lang='lat' dir='ltr'><strong>uada.</strong></span> 
     </span>
    </p>
   </div>
   <div class='ocr_carea' id='block_1_5' title="bbox 689 1601 1331 1790">
    <p class='ocr_par' dir='ltr' id='par_1_5' title="bbox 689 1601 1331 1790">
     <span class='ocr_line' id='line_1_8' title="bbox 689 1601 1045 1679; baseline 0.006 -18"><span class='ocrx_word' id='word_1_27' title='bbox 689 1601 794 1662; x_wconf 83' lang='lat' dir='ltr'><strong>audax</strong></span> <span class='ocrx_word' id='word_1_28' title='bbox 809 1603 912 1663; x_wconf 88' lang='lat' dir='ltr'><strong>omnia</strong></span> <span class='ocrx_word' id='word_1_29' title='bbox 928 1603 1045 1679; x_wconf 90' lang='lat' dir='ltr'><strong>perpeti</strong></span> 
     </span>
     <span class='ocr_line' id='line_1_9' title="bbox 689 1712 1331 1790; baseline 0 -17"><span class='ocrx_word' id='word_1_30' title='bbox 689 1727 769 1789; x_wconf 86' lang='lat' dir='ltr'><strong>gens</strong></span> <span class='ocrx_word' id='word_1_31' title='bbox 783 1712 919 1774; x_wconf 84' lang='lat' dir='ltr'><strong>bumana</strong></span> <span class='ocrx_word' id='word_1_32' title='bbox 934 1714 999 1774; x_wconf 88' lang='lat' dir='ltr'><strong>ruit</strong></span> <span class='ocrx_word' id='word_1_33' title='bbox 1013 1727 1068 1790; x_wconf 84' lang='lat' dir='ltr'><strong>per</strong></span> <span class='ocrx_word' id='word_1_34' title='bbox 1083 1713 1214 1775; x_wconf 88' lang='lat' dir='ltr'><strong>uetitum</strong></span> <span class='ocrx_word' id='word_1_35' title='bbox 1231 1712 1331 1774; x_wconf 86' lang='lat' dir='ltr'><strong>netas.</strong></span> 
     </span>
    </p>
   </div>
   <div class='ocr_carea' id='block_1_6' title="bbox 691 1821 1078 1941">
    <p class='ocr_par' dir='ltr' id='par_1_6' title="bbox 691 1821 1078 1941">
     <span class='ocr_line' id='line_1_10' title="bbox 691 1821 1078 1941; baseline 0 -16"><span class='ocrx_word' id='word_1_36' title='bbox 691 1865 796 1926; x_wconf 83' lang='lat' dir='ltr'><strong>audax</strong></span> <span class='ocrx_word' id='word_1_37' title='bbox 810 1860 909 1941; x_wconf 89' lang='lat' dir='ltr'><strong>lepeti</strong></span> <span class='ocrx_word' id='word_1_38' title='bbox 924 1880 1026 1940; x_wconf 85' lang='lat' dir='ltr'><strong>genus</strong></span> <span class='ocrx_word' id='word_1_39' title='bbox 1065 1821 1078 1845; x_wconf 38' lang='grc' dir='ltr'><strong><em>ι</em></strong></span> 
     </span>
    </p>
   </div>
   <div class='ocr_carea' id='block_1_7' title="bbox 478 2000 1610 2343">
    <p class='ocr_par' dir='ltr' id='par_1_7' title="bbox 478 2000 1610 2273">
     <span class='ocr_line' id='line_1_11' title="bbox 504 2000 1608 2064; baseline 0.005 -16"><span class='ocrx_word' id='word_1_40' title='bbox 504 2028 508 2034; x_wconf 90' lang='lat'>·</span> <span class='ocrx_word' id='word_1_41' title='bbox 550 2000 592 2060; x_wconf 82' lang='lat' dir='ltr'><strong>td.</strong></span> <span class='ocrx_word' id='word_1_42' title='bbox 612 2000 739 2064; x_wconf 68' lang='lat' dir='ltr'><strong>turgidam</strong></span> <span class='ocrx_word' id='word_1_43' title='bbox 751 2000 818 2061; x_wconf 63' lang='lat' dir='ltr'><strong>neg</strong></span> <span class='ocrx_word' id='word_1_44' title='bbox 830 2002 937 2055; x_wconf 84' lang='lat' dir='ltr'><strong>Acron:</strong></span> <span class='ocrx_word' id='word_1_45' title='bbox 950 2002 1078 2052; x_wconf 85' lang='lat' dir='ltr'><strong>turbidum</strong></span> <span class='ocrx_word' id='word_1_46' title='bbox 1092 2004 1134 2063; x_wconf 86' lang='grc' dir='ltr'><strong>Ης</strong></span> <span class='ocrx_word' id='word_1_47' title='bbox 1145 2003 1293 2055; x_wconf 88' lang='lat' dir='ltr'><strong>Biandinii.</strong></span> <span class='ocrx_word' id='word_1_48' title='bbox 1395 2002 1438 2053; x_wconf 84' lang='grc'><strong>20.</strong></span> <span class='ocrx_word' id='word_1_49' title='bbox 1458 2002 1608 2053; x_wconf 73' lang='lat' dir='ltr'><em>scholiasta</em></span> 
     </span>
     <span class='ocr_line' id='line_1_12' title="bbox 478 2067 1609 2139; baseline 0.003 -21"><span class='ocrx_word' id='word_1_50' title='bbox 478 2067 567 2118; x_wconf 83' lang='lat' dir='ltr'><strong>Statii</strong></span> <span class='ocrx_word' id='word_1_51' title='bbox 579 2068 657 2118; x_wconf 77' lang='lat' dir='ltr'><strong>raso.</strong></span> <span class='ocrx_word' id='word_1_52' title='bbox 672 2069 682 2119; x_wconf 91' lang='grc' dir='ltr'>Ι</span> <span class='ocrx_word' id='word_1_53' title='bbox 695 2069 756 2133; x_wconf 83' lang='grc'><strong>333,</strong></span> <span class='ocrx_word' id='word_1_54' title='bbox 770 2070 874 2134; x_wconf 88' lang='grc'><strong>111121,</strong></span> <span class='ocrx_word' id='word_1_55' title='bbox 888 2070 922 2121; x_wconf 91' lang='lat' dir='ltr'><strong>Vl</strong></span> <span class='ocrx_word' id='word_1_56' title='bbox 934 2072 993 2121; x_wconf 85' lang='grc'><strong>155.</strong></span> <span class='ocrx_word' id='word_1_57' title='bbox 1013 2070 1118 2121; x_wconf 82' lang='lat' dir='ltr'><strong>infamis</strong></span> <span class='ocrx_word' id='word_1_58' title='bbox 1128 2073 1212 2139; x_wconf 83' lang='lat' dir='ltr'><strong>prll:</strong></span> <span class='ocrx_word' id='word_1_59' title='bbox 1227 2071 1337 2123; x_wconf 82' lang='lat' dir='ltr'><strong>iniamus</strong></span> <span class='ocrx_word' id='word_1_60' title='bbox 1353 2070 1407 2122; x_wconf 86' lang='lat' dir='ltr'><strong>Gli.</strong></span> <span class='ocrx_word' id='word_1_61' title='bbox 1479 2072 1521 2121; x_wconf 85' lang='lat'><strong>20.</strong></span> <span class='ocrx_word' id='word_1_62' title='bbox 1536 2086 1609 2121; x_wconf 92' lang='lat' dir='ltr'><strong>acro-</strong></span> 
     </span>
     <span class='ocr_line' id='line_1_13' title="bbox 479 2136 1609 2205; baseline 0.003 -19"><span class='ocrx_word' id='word_1_63' title='bbox 479 2136 601 2186; x_wconf 81' lang='lat' dir='ltr'><strong>ceraunia</strong></span> <span class='ocrx_word' id='word_1_64' title='bbox 615 2136 659 2186; x_wconf 79' lang='lat' dir='ltr'><strong>(im</strong></span> <span class='ocrx_word' id='word_1_65' title='bbox 672 2139 781 2189; x_wconf 80' lang='lat' dir='ltr'><strong>Acran:</strong></span> <span class='ocrx_word' id='word_1_66' title='bbox 801 2154 861 2189; x_wconf 83' lang='lat' dir='ltr'><strong>acro</strong></span> <span class='ocrx_word' id='word_1_67' title='bbox 879 2140 1001 2190; x_wconf 79' lang='lat' dir='ltr'><strong>ceraunia</strong></span> <span class='ocrx_word' id='word_1_68' title='bbox 1012 2140 1047 2203; x_wconf 86' lang='lat' dir='ltr'><strong>B,</strong></span> <span class='ocrx_word' id='word_1_69' title='bbox 1067 2155 1127 2189; x_wconf 88' lang='lat' dir='ltr'><strong>ecre</strong></span> <span class='ocrx_word' id='word_1_70' title='bbox 1145 2140 1281 2191; x_wconf 74' lang='lat' dir='ltr'>cerauniae</span> <span class='ocrx_word' id='word_1_71' title='bbox 1294 2141 1327 2193; x_wconf 88' lang='lat' dir='ltr'><strong>H.</strong></span> <span class='ocrx_word' id='word_1_72' title='bbox 1450 2140 1492 2191; x_wconf 87' lang='lat'><strong>21.</strong></span> <span class='ocrx_word' id='word_1_73' title='bbox 1512 2137 1609 2205; x_wconf 85' lang='lat' dir='ltr'><strong>Nequi-</strong></span> 
     </span>
     <span class='ocr_line' id='line_1_14' title="bbox 479 2204 1610 2273; baseline 0.005 -20"><span class='ocrx_word' id='word_1_74' title='bbox 479 2218 552 2268; x_wconf 82' lang='lat' dir='ltr'><strong>quam</strong></span> <span class='ocrx_word' id='word_1_75' title='bbox 565 2204 646 2265; x_wconf 60' lang='lat' dir='ltr'><strong>aas:</strong></span> <span class='ocrx_word' id='word_1_76' title='bbox 666 2204 841 2273; x_wconf 87' lang='lat' dir='ltr'><strong>Nequicqnam</strong></span> <span class='ocrx_word' id='word_1_77' title='bbox 855 2209 906 2269; x_wconf 87' lang='grc' dir='ltr'><strong>Ης.</strong></span> <span class='ocrx_word' id='word_1_78' title='bbox 1036 2208 1148 2259; x_wconf 75' lang='grc'><strong>23-24.</strong></span> <span class='ocrx_word' id='word_1_79' title='bbox 1159 2210 1191 2270; x_wconf 86' lang='lat' dir='ltr'><strong>¹si</strong></span> <span class='ocrx_word' id='word_1_80' title='bbox 1209 2217 1292 2261; x_wconf 89' lang='lat' dir='ltr'><strong>tamen</strong></span> <span class='ocrx_word' id='word_1_81' title='bbox 1307 2238 1337 2247; x_wconf 92' lang='lat'>-</span> <span class='ocrx_word' id='word_1_82' title='bbox 1351 2210 1419 2261; x_wconf 80' lang='lat' dir='ltr'><strong>aeda</strong></span> <span class='ocrx_word' id='word_1_83' title='bbox 1438 2209 1552 2261; x_wconf 85' lang='lat' dir='ltr'><strong>Seruius</strong></span> <span class='ocrx_word' id='word_1_84' title='bbox 1572 2209 1610 2259; x_wconf 88' lang='lat' dir='ltr'><strong>ad</strong></span> 
     </span>
    </p>

    <p class='ocr_par' dir='ltr' id='par_1_8' title="bbox 479 2273 1037 2343">
     <span class='ocr_line' id='line_1_15' title="bbox 479 2273 1037 2343; baseline 0.009 -18"><span class='ocrx_word' id='word_1_85' title='bbox 479 2274 561 2340; x_wconf 81' lang='lat' dir='ltr'><strong>Verg.</strong></span> <span class='ocrx_word' id='word_1_86' title='bbox 575 2275 641 2324; x_wconf 86' lang='lat' dir='ltr'><strong>Aen.</strong></span> <span class='ocrx_word' id='word_1_87' title='bbox 657 2273 743 2327; x_wconf 85' lang='lat'>1603.</span> <span class='ocrx_word' id='word_1_88' title='bbox 851 2277 894 2327; x_wconf 89' lang='grc'><strong>23.</strong></span> <span class='ocrx_word' id='word_1_89' title='bbox 914 2277 989 2343; x_wconf 80' lang='lat' dir='ltr'><strong>impie</strong></span> <span class='ocrx_word' id='word_1_90' title='bbox 1003 2278 1037 2330; x_wconf 90' lang='lat' dir='ltr'><strong>H.</strong></span> 
     </span>
    </p>
   </div>
   <div class='ocr_carea' id='block_1_8' title="bbox 434 2411 1608 3579">
    <p class='ocr_par' dir='ltr' id='par_1_9' title="bbox 434 2411 1608 3303">
     <span class='ocr_line' id='line_1_16' title="bbox 531 2411 1607 2483; baseline 0.005 -23"><span class='ocrx_word' id='word_1_91' title='bbox 531 2411 573 2461; x_wconf 87' lang='grc'><strong>19.</strong></span> <span class='ocrx_word' id='word_1_92' title='bbox 610 2426 687 2463; x_wconf 87' lang='lat' dir='ltr'><strong>mare</strong></span> <span class='ocrx_word' id='word_1_93' title='bbox 715 2414 874 2477; x_wconf 79' lang='lat' dir='ltr'><strong>turgidam:</strong></span> <span class='ocrx_word' id='word_1_94' title='bbox 917 2414 1023 2465; x_wconf 81' lang='lat' dir='ltr'><strong>Hesiodi</strong></span> <span class='ocrx_word' id='word_1_95' title='bbox 1065 2413 1607 2483; x_wconf 85' lang='lat' dir='ltr'><strong>bocposiremolocoinaliqnotcodicibas</strong></span> 
     </span>
     <span class='ocr_line' id='line_1_17' title="bbox 478 2477 1607 2551; baseline 0.004 -22"><span class='ocrx_word' id='word_1_96' title='bbox 478 2478 575 2545; x_wconf 77' lang='lat' dir='ltr'><strong>Tbeog.</strong></span> <span class='ocrx_word' id='word_1_97' title='bbox 591 2480 655 2532; x_wconf 83' lang='lat'>109:</span> <span class='ocrx_word' id='word_1_98' title='bbox 676 2477 780 2540; x_wconf 81' lang='grc' dir='ltr'><strong><em>πόντος</em></strong></span> <span class='ocrx_word' id='word_1_99' title='bbox 797 2477 868 2533; x_wconf 80' lang='lat' dir='ltr'><strong>ainsi</strong></span> <span class='ocrx_word' id='word_1_100' title='bbox 884 2500 943 2542; x_wconf 76' lang='lat' dir='ltr'><strong>asor</strong></span> <span class='ocrx_word' id='word_1_101' title='bbox 961 2482 1023 2534; x_wconf 83' lang='lat' dir='ltr'><strong>oid·</strong></span> <span class='ocrx_word' id='word_1_102' title='bbox 1065 2493 1112 2536; x_wconf 89' lang='lat' dir='ltr'><strong>ant</strong></span> <span class='ocrx_word' id='word_1_103' title='bbox 1124 2484 1170 2551; x_wconf 87' lang='lat' dir='ltr'><strong>per</strong></span> <span class='ocrx_word' id='word_1_104' title='bbox 1182 2500 1294 2535; x_wconf 87' lang='lat' dir='ltr'><strong>errorem</strong></span> <span class='ocrx_word' id='word_1_105' title='bbox 1308 2484 1462 2534; x_wconf 75' lang='lat' dir='ltr'><strong>scholiastae</strong></span> <span class='ocrx_word' id='word_1_106' title='bbox 1473 2491 1518 2533; x_wconf 87' lang='lat' dir='ltr'><strong>ani</strong></span> <span class='ocrx_word' id='word_1_107' title='bbox 1528 2483 1607 2533; x_wconf 87' lang='lat' dir='ltr'><strong>libra-</strong></span> 
     </span>
     <span class='ocr_line' id='line_1_18' title="bbox 476 2500 1607 2635; baseline 0.005 -38"><span class='ocrx_word' id='word_1_108' title='bbox 476 2566 547 2618; x_wconf 78' lang='lat' dir='ltr'><strong>panrc</strong></span> <span class='ocrx_word' id='word_1_109' title='bbox 558 2542 646 2631; x_wconf 64' lang='lat' dir='ltr'><strong>ddum</strong></span> <span class='ocrx_word' id='word_1_110' title='bbox 670 2551 734 2602; x_wconf 86' lang='lat' dir='ltr'><strong>ibid.</strong></span> <span class='ocrx_word' id='word_1_111' title='bbox 751 2552 796 2602; x_wconf 82' lang='lat'><strong>131</strong></span> <span class='ocrx_word' id='word_1_112' title='bbox 808 2569 815 2602; x_wconf 73' lang='grc' dir='ltr'><em>τ</em></span> <span class='ocrx_word' id='word_1_113' title='bbox 830 2500 950 2634; x_wconf 63' lang='lat' dir='ltr'><strong>ufbayoc</strong></span> <span class='ocrx_word' id='word_1_114' title='bbox 961 2550 1023 2603; x_wconf 82' lang='lat' dir='ltr'><strong>oid-</strong></span> <span class='ocrx_word' id='word_1_115' title='bbox 1065 2554 1097 2604; x_wconf 91' lang='lat' dir='ltr'><strong>rii</strong></span> <span class='ocrx_word' id='word_1_116' title='bbox 1108 2554 1241 2635; x_wconf 77' lang='lat' dir='ltr'><strong>scriptoris</strong></span> <span class='ocrx_word' id='word_1_117' title='bbox 1251 2554 1311 2603; x_wconf 89' lang='lat' dir='ltr'><strong>alta</strong></span> <span class='ocrx_word' id='word_1_118' title='bbox 1320 2553 1455 2633; x_wconf 77' lang='lat' dir='ltr'><strong>Ceraunia</strong></span> <span class='ocrx_word' id='word_1_119' title='bbox 1467 2566 1512 2619; x_wconf 90' lang='lat' dir='ltr'><strong>pro</strong></span> <span class='ocrx_word' id='word_1_120' title='bbox 1520 2553 1607 2603; x_wconf 82' lang='lat' dir='ltr'><strong>Acro-</strong></span> 
     </span>
     <span class='ocr_line' id='line_1_19' title="bbox 475 2618 1608 2759; baseline 0.002 -22"><span class='ocrx_word' id='word_1_121' title='bbox 475 2623 644 2752; x_wconf 66' lang='lat' dir='ltr'><strong>iiiiii·</strong></span> <span class='ocrx_word' id='word_1_122' title='bbox 662 2618 1022 2755; x_wconf 64' lang='lat' dir='ltr'><strong>diddttdtdditd</strong></span> <span class='ocrx_word' id='word_1_123' title='bbox 1056 2620 1608 2759; x_wconf 43' lang='lat' dir='ltr'><strong>§tillididedidit„distiti·</strong></span> 
     </span>
     <span class='ocr_line' id='line_1_20' title="bbox 477 2752 1608 2816; baseline 0.002 -10"><span class='ocrx_word' id='word_1_124' title='bbox 477 2763 505 2806; x_wconf 90' lang='lat' dir='ltr'><strong>et</strong></span> <span class='ocrx_word' id='word_1_125' title='bbox 524 2752 659 2809; x_wconf 79' lang='lat' dir='ltr'><strong>imbribus.</strong></span> <span class='ocrx_word' id='word_1_126' title='bbox 692 2757 778 2810; x_wconf 80' lang='lat' dir='ltr'><strong>Caras.</strong></span> <span class='ocrx_word' id='word_1_127' title='bbox 800 2758 844 2816; x_wconf 87' lang='lat' dir='ltr'><strong>llll</strong></span> <span class='ocrx_word' id='word_1_128' title='bbox 866 2761 898 2810; x_wconf 85' lang='grc'><strong>12</strong></span> <span class='ocrx_word' id='word_1_129' title='bbox 916 2761 949 2815; x_wconf 81' lang='lat'><strong>4:</strong></span> <span class='ocrx_word' id='word_1_130' title='bbox 974 2777 1021 2809; x_wconf 83' lang='lat' dir='ltr'><strong>nec</strong></span> <span class='ocrx_word' id='word_1_131' title='bbox 1116 2761 1144 2809; x_wconf 89' lang='grc'><strong>21</strong></span> <span class='ocrx_word' id='word_1_132' title='bbox 1158 2758 1239 2808; x_wconf 81' lang='grc'><strong>-24,</strong></span> <span class='ocrx_word' id='word_1_133' title='bbox 1259 2756 1375 2808; x_wconf 83' lang='lat' dir='ltr'><strong>Proxime</strong></span> <span class='ocrx_word' id='word_1_134' title='bbox 1388 2757 1514 2808; x_wconf 87' lang='lat' dir='ltr'><strong>bominum</strong></span> <span class='ocrx_word' id='word_1_135' title='bbox 1528 2758 1608 2809; x_wconf 88' lang='lat' dir='ltr'><strong>adda-</strong></span> 
     </span>
     <span class='ocr_line' id='line_1_21' title="bbox 468 2826 1608 2894; baseline 0.003 -18"><span class='ocrx_word' id='word_1_136' title='bbox 468 2826 559 2892; x_wconf 76' lang='lat' dir='ltr'><strong>jlauii</strong></span> <span class='ocrx_word' id='word_1_137' title='bbox 568 2829 819 2892; x_wconf 76' lang='lat' dir='ltr'><strong>strepunt&#39;tcibsrna</strong></span> <span class='ocrx_word' id='word_1_138' title='bbox 832 2833 894 2879; x_wconf 78' lang='lat' dir='ltr'><strong>raiae</strong></span> <span class='ocrx_word' id='word_1_139' title='bbox 904 2829 1019 2894; x_wconf 81' lang='lat' dir='ltr'><strong>turgidi.</strong></span> <span class='ocrx_word' id='word_1_140' title='bbox 1063 2829 1104 2879; x_wconf 85' lang='lat' dir='ltr'><strong>cis</strong></span> <span class='ocrx_word' id='word_1_141' title='bbox 1114 2829 1242 2894; x_wconf 87' lang='lat' dir='ltr'><strong>descripta</strong></span> <span class='ocrx_word' id='word_1_142' title='bbox 1253 2833 1307 2876; x_wconf 83' lang='lat' dir='ltr'><strong>est:</strong></span> <span class='ocrx_word' id='word_1_143' title='bbox 1322 2827 1371 2876; x_wconf 86' lang='lat' dir='ltr'><strong>iam</strong></span> <span class='ocrx_word' id='word_1_144' title='bbox 1383 2827 1476 2894; x_wconf 86' lang='lat' dir='ltr'><strong>transit</strong></span> <span class='ocrx_word' id='word_1_145' title='bbox 1485 2827 1517 2876; x_wconf 89' lang='lat' dir='ltr'><strong>ad</strong></span> <span class='ocrx_word' id='word_1_146' title='bbox 1527 2835 1608 2878; x_wconf 87' lang='lat' dir='ltr'><strong>teme·</strong></span> 
     </span>
     <span class='ocr_line' id='line_1_22' title="bbox 477 2893 1513 2962; baseline 0 -19"><span class='ocrx_word' id='word_1_147' title='bbox 477 2894 531 2944; x_wconf 87' lang='lat' dir='ltr'><strong>lloc</strong></span> <span class='ocrx_word' id='word_1_148' title='bbox 544 2894 606 2959; x_wconf 72' lang='lat' dir='ltr'><strong>legit</strong></span> <span class='ocrx_word' id='word_1_149' title='bbox 617 2893 717 2959; x_wconf 75' lang='lat' dir='ltr'><strong>Acron,</strong></span> <span class='ocrx_word' id='word_1_150' title='bbox 731 2903 759 2946; x_wconf 89' lang='lat' dir='ltr'><strong>at</strong></span> <span class='ocrx_word' id='word_1_151' title='bbox 771 2898 883 2947; x_wconf 84' lang='lat' dir='ltr'><strong>ostendit</strong></span> <span class='ocrx_word' id='word_1_152' title='bbox 896 2898 1022 2962; x_wconf 88' lang='lat' dir='ltr'><strong>interpre·</strong></span> <span class='ocrx_word' id='word_1_153' title='bbox 1063 2898 1168 2947; x_wconf 89' lang='lat' dir='ltr'><strong>ritatem</strong></span> <span class='ocrx_word' id='word_1_154' title='bbox 1181 2897 1291 2945; x_wconf 86' lang='lat' dir='ltr'><strong>iunctam</strong></span> <span class='ocrx_word' id='word_1_155' title='bbox 1305 2909 1360 2944; x_wconf 87' lang='lat' dir='ltr'><strong>cum</strong></span> <span class='ocrx_word' id='word_1_156' title='bbox 1372 2895 1513 2960; x_wconf 76' lang='lat' dir='ltr'><strong>impietate.</strong></span> 
     </span>
     <span class='ocr_line' id='line_1_23' title="bbox 476 2959 1608 3030; baseline 0 -16"><span class='ocrx_word' id='word_1_157' title='bbox 476 2964 540 3014; x_wconf 84' lang='lat' dir='ltr'><strong>tatio</strong></span> <span class='ocrx_word' id='word_1_158' title='bbox 556 2963 668 3014; x_wconf 86' lang='lat' dir='ltr'><strong>‘tumens</strong></span> <span class='ocrx_word' id='word_1_159' title='bbox 686 2965 805 3015; x_wconf 84' lang='lat' dir='ltr'><strong>ductibus</strong></span> <span class='ocrx_word' id='word_1_160' title='bbox 824 2959 897 3017; x_wconf 85' lang='lat' dir='ltr'><strong>suis&#39;.</strong></span> <span class='ocrx_word' id='word_1_161' title='bbox 928 2966 1019 3015; x_wconf 80' lang='lat' dir='ltr'><strong>Altera</strong></span> <span class='ocrx_word' id='word_1_162' title='bbox 1116 2965 1158 3014; x_wconf 88' lang='lat'><strong>22.</strong></span> <span class='ocrx_word' id='word_1_163' title='bbox 1191 2964 1372 3014; x_wconf 72' lang='lat' dir='ltr'><strong>dissociabili:</strong></span> <span class='ocrx_word' id='word_1_164' title='bbox 1403 2963 1608 3030; x_wconf 89' lang='lat' dir='ltr'><strong>interpretantur</strong></span> 
     </span>
     <span class='ocr_line' id='line_1_24' title="bbox 476 3030 1607 3098; baseline 0.002 -18"><span class='ocrx_word' id='word_1_165' title='bbox 476 3032 601 3096; x_wconf 87' lang='lat' dir='ltr'><strong>scriptura</strong></span> <span class='ocrx_word' id='word_1_166' title='bbox 621 3032 801 3096; x_wconf 87' lang='lat' dir='ltr'><strong>(turbidum),</strong></span> <span class='ocrx_word' id='word_1_167' title='bbox 821 3049 867 3098; x_wconf 90' lang='lat' dir='ltr'><strong>per</strong></span> <span class='ocrx_word' id='word_1_168' title='bbox 880 3049 907 3083; x_wconf 90' lang='lat' dir='ltr'><strong>se</strong></span> <span class='ocrx_word' id='word_1_169' title='bbox 920 3049 969 3082; x_wconf 89' lang='lat' dir='ltr'><strong>noa</strong></span> <span class='ocrx_word' id='word_1_170' title='bbox 983 3033 1021 3081; x_wconf 87' lang='lat' dir='ltr'><strong>in·</strong></span> <span class='ocrx_word' id='word_1_171' title='bbox 1062 3032 1146 3096; x_wconf 84' lang='lat' dir='ltr'><strong>multi,</strong></span> <span class='ocrx_word' id='word_1_172' title='bbox 1156 3033 1181 3081; x_wconf 91' lang='lat' dir='ltr'><strong>in</strong></span> <span class='ocrx_word' id='word_1_173' title='bbox 1195 3030 1417 3096; x_wconf 85' lang='lat' dir='ltr'><strong>quibasOrellins,</strong></span> <span class='ocrx_word' id='word_1_174' title='bbox 1427 3031 1513 3081; x_wconf 88' lang='lat' dir='ltr'><strong>ootiuo</strong></span> <span class='ocrx_word' id='word_1_175' title='bbox 1527 3031 1607 3096; x_wconf 73' lang='lat' dir='ltr'><strong>sigui-</strong></span> 
     </span>
     <span class='ocr_line' id='line_1_25' title="bbox 476 3099 1606 3166; baseline 0.004 -19"><span class='ocrx_word' id='word_1_176' title='bbox 476 3105 534 3163; x_wconf 84' lang='lat' dir='ltr'><strong>epta</strong></span> <span class='ocrx_word' id='word_1_177' title='bbox 554 3105 580 3147; x_wconf 88' lang='lat' dir='ltr'><strong>ot</strong></span> <span class='ocrx_word' id='word_1_178' title='bbox 599 3099 741 3149; x_wconf 81' lang='lat' dir='ltr'><strong>abentieio</strong></span> <span class='ocrx_word' id='word_1_179' title='bbox 760 3100 868 3149; x_wconf 88' lang='lat' dir='ltr'><strong>aliorum</strong></span> <span class='ocrx_word' id='word_1_180' title='bbox 887 3108 1020 3166; x_wconf 90' lang='lat' dir='ltr'><strong>poetaram</strong></span> <span class='ocrx_word' id='word_1_181' title='bbox 1062 3100 1140 3150; x_wconf 84' lang='lat' dir='ltr'><strong>ficata</strong></span> <span class='ocrx_word' id='word_1_182' title='bbox 1153 3105 1203 3164; x_wconf 84' lang='lat' dir='ltr'><strong>pai</strong></span> <span class='ocrx_word' id='word_1_183' title='bbox 1214 3106 1304 3150; x_wconf 87' lang='lat' dir='ltr'><strong>terras</strong></span> <span class='ocrx_word' id='word_1_184' title='bbox 1318 3100 1485 3164; x_wconf 75' lang='lat' dir='ltr'><strong>dissociaret,</strong></span> <span class='ocrx_word' id='word_1_185' title='bbox 1498 3107 1527 3150; x_wconf 88' lang='lat' dir='ltr'><strong>nt</strong></span> <span class='ocrx_word' id='word_1_186' title='bbox 1539 3102 1606 3166; x_wconf 88' lang='lat' dir='ltr'><strong>apud</strong></span> 
     </span>
     <span class='ocr_line' id='line_1_26' title="bbox 475 3165 1606 3234; baseline 0.003 -18"><span class='ocrx_word' id='word_1_187' title='bbox 475 3167 599 3231; x_wconf 84' lang='lat' dir='ltr'><strong>exemplis</strong></span> <span class='ocrx_word' id='word_1_188' title='bbox 612 3166 659 3228; x_wconf 84' lang='lat' dir='ltr'><strong>(ci.</strong></span> <span class='ocrx_word' id='word_1_189' title='bbox 670 3165 694 3216; x_wconf 95' lang='lat' dir='ltr'><strong>ll</strong></span> <span class='ocrx_word' id='word_1_190' title='bbox 709 3168 738 3216; x_wconf 84' lang='grc'><strong>19</strong></span> <span class='ocrx_word' id='word_1_191' title='bbox 749 3168 774 3229; x_wconf 89' lang='grc'><strong>6,</strong></span> <span class='ocrx_word' id='word_1_192' title='bbox 790 3167 887 3229; x_wconf 86' lang='grc'><strong>11135)</strong></span> <span class='ocrx_word' id='word_1_193' title='bbox 900 3169 1017 3231; x_wconf 81' lang='lat' dir='ltr'><strong>detensa,</strong></span> <span class='ocrx_word' id='word_1_194' title='bbox 1061 3167 1210 3218; x_wconf 86' lang='lat' dir='ltr'><strong>Lucretium</strong></span> <span class='ocrx_word' id='word_1_195' title='bbox 1230 3167 1238 3218; x_wconf 94' lang='grc' dir='ltr'>Ι</span> <span class='ocrx_word' id='word_1_196' title='bbox 1255 3168 1283 3218; x_wconf 95' lang='grc'><strong>11</strong></span> <span class='ocrx_word' id='word_1_197' title='bbox 1304 3175 1345 3218; x_wconf 86' lang='lat' dir='ltr'><strong>est</strong></span> <span class='ocrx_word' id='word_1_198' title='bbox 1361 3170 1517 3234; x_wconf 81' lang='lat' dir='ltr'><strong>genitabilis</strong></span> <span class='ocrx_word' id='word_1_199' title='bbox 1535 3185 1606 3220; x_wconf 89' lang='lat' dir='ltr'><strong>aura</strong></span> 
     </span>
     <span class='ocr_line' id='line_1_27' title="bbox 434 3233 1605 3303; baseline 0.004 -20"><span class='ocrx_word' id='word_1_200' title='bbox 434 3252 438 3258; x_wconf 80' lang='lat'><strong>·</strong></span> <span class='ocrx_word' id='word_1_201' title='bbox 476 3234 1017 3299; x_wconf 72' lang='lat' dir='ltr'><strong>nnncimaginemminnsspeciosomrelcrt.</strong></span> <span class='ocrx_word' id='word_1_202' title='bbox 1054 3237 1171 3302; x_wconf 77' lang='lat' dir='ltr'><strong>fanoni,</strong></span> <span class='ocrx_word' id='word_1_203' title='bbox 1192 3235 1311 3286; x_wconf 82' lang='lat' dir='ltr'><strong>Ouidium</strong></span> <span class='ocrx_word' id='word_1_204' title='bbox 1324 3233 1541 3289; x_wconf 77' lang='lat' dir='ltr'><strong>deciddeta:</strong></span> <span class='ocrx_word' id='word_1_205' title='bbox 1559 3254 1605 3303; x_wconf 89' lang='lat' dir='ltr'><strong>pe·</strong></span> 
     </span>
    </p>

    <p class='ocr_par' dir='ltr' id='par_1_10' title="bbox 475 3303 1606 3579">
     <span class='ocr_line' id='line_1_28' title="bbox 526 3303 1606 3372; baseline 0.005 -21"><span class='ocrx_word' id='word_1_206' title='bbox 526 3303 570 3351; x_wconf 83' lang='lat'><strong>20.</strong></span> <span class='ocrx_word' id='word_1_207' title='bbox 589 3303 701 3367; x_wconf 82' lang='lat' dir='ltr'><strong>insumis</strong></span> <span class='ocrx_word' id='word_1_208' title='bbox 713 3303 837 3366; x_wconf 87' lang='lat' dir='ltr'><strong>scopulos</strong></span> <span class='ocrx_word' id='word_1_209' title='bbox 849 3305 1019 3354; x_wconf 85' lang='lat' dir='ltr'><strong>Acroceraa-</strong></span> <span class='ocrx_word' id='word_1_210' title='bbox 1060 3306 1192 3370; x_wconf 59' lang='lat' dir='ltr'><strong>cremabile</strong></span> <span class='ocrx_word' id='word_1_211' title='bbox 1202 3306 1322 3372; x_wconf 82' lang='lat' dir='ltr'><strong>salmon.</strong></span> <span class='ocrx_word' id='word_1_212' title='bbox 1350 3307 1400 3357; x_wconf 89' lang='lat' dir='ltr'><strong>Sed</strong></span> <span class='ocrx_word' id='word_1_213' title='bbox 1413 3307 1478 3372; x_wconf 88' lang='lat' dir='ltr'><strong>qnod</strong></span> <span class='ocrx_word' id='word_1_214' title='bbox 1498 3307 1536 3358; x_wconf 90' lang='lat' dir='ltr'><strong>iili</strong></span> <span class='ocrx_word' id='word_1_215' title='bbox 1550 3307 1606 3357; x_wconf 89' lang='lat' dir='ltr'><strong>ausi</strong></span> 
     </span>
     <span class='ocr_line' id='line_1_29' title="bbox 475 3363 1605 3443; baseline 0.005 -23"><span class='ocrx_word' id='word_1_216' title='bbox 475 3373 539 3420; x_wconf 83' lang='lat' dir='ltr'><strong>nia:</strong></span> <span class='ocrx_word' id='word_1_217' title='bbox 561 3370 670 3420; x_wconf 81' lang='lat' dir='ltr'><strong>iniamus</strong></span> <span class='ocrx_word' id='word_1_218' title='bbox 682 3363 865 3438; x_wconf 72' lang='grc' dir='ltr'>(δυσώνυμοι)</span> <span class='ocrx_word' id='word_1_219' title='bbox 883 3379 1019 3423; x_wconf 88' lang='lat' dir='ltr'><strong>snntnan-</strong></span> <span class='ocrx_word' id='word_1_220' title='bbox 1061 3382 1136 3438; x_wconf 86' lang='lat' dir='ltr'><strong>suot,</strong></span> <span class='ocrx_word' id='word_1_221' title='bbox 1157 3376 1215 3425; x_wconf 90' lang='lat' dir='ltr'><strong>inde</strong></span> <span class='ocrx_word' id='word_1_222' title='bbox 1229 3375 1292 3424; x_wconf 86' lang='lat' dir='ltr'><strong>nibil</strong></span> <span class='ocrx_word' id='word_1_223' title='bbox 1311 3375 1476 3442; x_wconf 83' lang='lat' dir='ltr'><strong>consequitur</strong></span> <span class='ocrx_word' id='word_1_224' title='bbox 1493 3392 1538 3443; x_wconf 90' lang='lat' dir='ltr'><strong>pro</strong></span> <span class='ocrx_word' id='word_1_225' title='bbox 1558 3377 1605 3426; x_wconf 91' lang='lat' dir='ltr'><strong>boc</strong></span> 
     </span>
     <span class='ocr_line' id='line_1_30' title="bbox 475 3438 1605 3509; baseline 0.004 -20"><span class='ocrx_word' id='word_1_226' title='bbox 475 3438 576 3504; x_wconf 74' lang='lat' dir='ltr'><strong>fragiis.</strong></span> <span class='ocrx_word' id='word_1_227' title='bbox 614 3439 723 3490; x_wconf 81' lang='lat' dir='ltr'><strong>Ouidius</strong></span> <span class='ocrx_word' id='word_1_228' title='bbox 745 3439 849 3490; x_wconf 69' lang='lat' dir='ltr'><strong>lie-ed.</strong></span> <span class='ocrx_word' id='word_1_229' title='bbox 873 3443 928 3492; x_wconf 77' lang='lat' dir='ltr'><strong>Am.</strong></span> <span class='ocrx_word' id='word_1_230' title='bbox 950 3441 1017 3492; x_wconf 82' lang='lat'><strong>739:</strong></span> <span class='ocrx_word' id='word_1_231' title='bbox 1061 3443 1117 3494; x_wconf 90' lang='lat' dir='ltr'><strong>leco</strong></span> <span class='ocrx_word' id='word_1_232' title='bbox 1136 3451 1162 3494; x_wconf 88' lang='lat' dir='ltr'><strong>et</strong></span> <span class='ocrx_word' id='word_1_233' title='bbox 1181 3459 1244 3495; x_wconf 89' lang='lat' dir='ltr'><strong>uoce</strong></span> <span class='ocrx_word' id='word_1_234' title='bbox 1258 3443 1450 3509; x_wconf 80' lang='lat' dir='ltr'><strong>dissociabilis,</strong></span> <span class='ocrx_word' id='word_1_235' title='bbox 1472 3447 1546 3496; x_wconf 87' lang='lat' dir='ltr'><strong>cuias</strong></span> <span class='ocrx_word' id='word_1_236' title='bbox 1560 3460 1605 3494; x_wconf 89' lang='lat' dir='ltr'><strong>na·</strong></span> 
     </span>
     <span class='ocr_line' id='line_1_31' title="bbox 475 3508 1605 3579; baseline 0.004 -22"><span class='ocrx_word' id='word_1_237' title='bbox 475 3509 525 3558; x_wconf 85' lang='lat' dir='ltr'><strong>bas</strong></span> <span class='ocrx_word' id='word_1_238' title='bbox 546 3509 598 3558; x_wconf 88' lang='lat' dir='ltr'><strong>tibi</strong></span> <span class='ocrx_word' id='word_1_239' title='bbox 614 3512 673 3559; x_wconf 88' lang='lat' dir='ltr'><strong>sint</strong></span> <span class='ocrx_word' id='word_1_240' title='bbox 690 3508 798 3575; x_wconf 73' lang='lat' dir='ltr'><strong>Syrtes,</strong></span> <span class='ocrx_word' id='word_1_241' title='bbox 822 3510 888 3559; x_wconf 83' lang='lat' dir='ltr'><strong>baec</strong></span> <span class='ocrx_word' id='word_1_242' title='bbox 905 3511 1020 3561; x_wconf 85' lang='lat' dir='ltr'><strong>Acroce·</strong></span> <span class='ocrx_word' id='word_1_243' title='bbox 1060 3519 1121 3562; x_wconf 87' lang='lat' dir='ltr'><strong>tura</strong></span> <span class='ocrx_word' id='word_1_244' title='bbox 1134 3529 1182 3562; x_wconf 94' lang='lat' dir='ltr'><strong>non</strong></span> <span class='ocrx_word' id='word_1_245' title='bbox 1196 3519 1237 3564; x_wconf 87' lang='lat' dir='ltr'><strong>est</strong></span> <span class='ocrx_word' id='word_1_246' title='bbox 1254 3513 1343 3563; x_wconf 81' lang='lat' dir='ltr'><strong>eadem</strong></span> <span class='ocrx_word' id='word_1_247' title='bbox 1357 3520 1433 3579; x_wconf 87' lang='lat' dir='ltr'><strong>atque</strong></span> <span class='ocrx_word' id='word_1_248' title='bbox 1450 3515 1605 3578; x_wconf 79' lang='lat' dir='ltr'><strong>genitabilis</strong></span> 
     </span>
    </p>
   </div>
   <div class='ocr_carea' id='block_1_9' title="bbox 372 3569 1604 3649">
    <p class='ocr_par' dir='ltr' id='par_1_11' title="bbox 372 3569 1604 3649">
     <span class='ocr_line' id='line_1_32' title="bbox 372 3569 1604 3649; baseline 0.003 -24"><span class='ocrx_word' id='word_1_249' title='bbox 372 3584 376 3591; x_wconf 84' lang='lat'><em>‘</em></span> <span class='ocrx_word' id='word_1_250' title='bbox 474 3569 576 3626; x_wconf 80' lang='lat' dir='ltr'><strong>reunia</strong></span> <span class='ocrx_word' id='word_1_251' title='bbox 595 3580 665 3627; x_wconf 85' lang='lat' dir='ltr'><strong>uita.</strong></span> <span class='ocrx_word' id='word_1_252' title='bbox 689 3576 781 3627; x_wconf 88' lang='lat' dir='ltr'><strong>Latine</strong></span> <span class='ocrx_word' id='word_1_253' title='bbox 798 3578 878 3628; x_wconf 87' lang='lat' dir='ltr'><strong>uertit</strong></span> <span class='ocrx_word' id='word_1_254' title='bbox 889 3577 1019 3644; x_wconf 77' lang='lat' dir='ltr'><strong>Vergilius</strong></span> <span class='ocrx_word' id='word_1_255' title='bbox 1062 3589 1088 3632; x_wconf 88' lang='lat' dir='ltr'><strong>et</strong></span> <span class='ocrx_word' id='word_1_256' title='bbox 1110 3583 1298 3649; x_wconf 83' lang='lat' dir='ltr'><strong>penetrabilis.</strong></span> <span class='ocrx_word' id='word_1_257' title='bbox 1338 3581 1392 3632; x_wconf 87' lang='lat' dir='ltr'><strong>Hoc</strong></span> <span class='ocrx_word' id='word_1_258' title='bbox 1416 3583 1478 3632; x_wconf 88' lang='lat' dir='ltr'><strong>aiibi</strong></span> <span class='ocrx_word' id='word_1_259' title='bbox 1503 3581 1604 3631; x_wconf 85' lang='lat' dir='ltr'><strong>nonnisi</strong></span> 
     </span>
    </p>
   </div>
   <div class='ocr_carea' id='block_1_10' title="bbox 466 3644 1605 4330">
    <p class='ocr_par' dir='ltr' id='par_1_12' title="bbox 466 3644 1605 4330">
     <span class='ocr_line' id='line_1_33' title="bbox 475 3644 1604 3716; baseline 0.001 -20"><span class='ocrx_word' id='word_1_260' title='bbox 475 3644 507 3696; x_wconf 81' lang='lat' dir='ltr'><strong>d.</strong></span> <span class='ocrx_word' id='word_1_261' title='bbox 520 3645 528 3694; x_wconf 96' lang='grc'><strong>1</strong></span> <span class='ocrx_word' id='word_1_262' title='bbox 543 3645 609 3696; x_wconf 79' lang='lat'>332:</span> <span class='ocrx_word' id='word_1_263' title='bbox 623 3645 816 3713; x_wconf 76' lang='lat' dir='ltr'><strong>illajlagranti</strong></span> <span class='ocrx_word' id='word_1_264' title='bbox 826 3648 957 3699; x_wconf 79' lang='lat' dir='ltr'><strong>autAttro</strong></span> <span class='ocrx_word' id='word_1_265' title='bbox 968 3655 1021 3699; x_wconf 86' lang='lat' dir='ltr'><strong>ont</strong></span> <span class='ocrx_word' id='word_1_266' title='bbox 1062 3651 1165 3716; x_wconf 83' lang='lat' dir='ltr'><strong>posside</strong></span> <span class='ocrx_word' id='word_1_267' title='bbox 1178 3651 1287 3716; x_wconf 88' lang='lat' dir='ltr'><strong>positum</strong></span> <span class='ocrx_word' id='word_1_268' title='bbox 1298 3651 1435 3716; x_wconf 86' lang='lat' dir='ltr'><strong>reperitur,</strong></span> <span class='ocrx_word' id='word_1_269' title='bbox 1444 3649 1526 3699; x_wconf 91' lang='lat' dir='ltr'><strong>neinti</strong></span> <span class='ocrx_word' id='word_1_270' title='bbox 1537 3649 1604 3713; x_wconf 88' lang='lat' dir='ltr'><strong>apnd</strong></span> 
     </span>
     <span class='ocr_line' id='line_1_34' title="bbox 475 3714 1602 3783; baseline 0 -19"><span class='ocrx_word' id='word_1_271' title='bbox 475 3714 621 3778; x_wconf 83' lang='lat' dir='ltr'><strong>libodopen</strong></span> <span class='ocrx_word' id='word_1_272' title='bbox 644 3720 696 3764; x_wconf 88' lang='lat' dir='ltr'><strong>out</strong></span> <span class='ocrx_word' id='word_1_273' title='bbox 719 3715 779 3765; x_wconf 88' lang='lat' dir='ltr'><strong>alta</strong></span> <span class='ocrx_word' id='word_1_274' title='bbox 802 3715 939 3766; x_wconf 80' lang='lat' dir='ltr'><strong>Ceraunia</strong></span> <span class='ocrx_word' id='word_1_275' title='bbox 964 3718 1018 3768; x_wconf 89' lang='lat' dir='ltr'><strong>telo</strong></span> <span class='ocrx_word' id='word_1_276' title='bbox 1062 3719 1181 3770; x_wconf 82' lang='lat' dir='ltr'><strong>Tacitum</strong></span> <span class='ocrx_word' id='word_1_277' title='bbox 1192 3721 1252 3782; x_wconf 80' lang='lat' dir='ltr'><strong>Agr.</strong></span> <span class='ocrx_word' id='word_1_278' title='bbox 1266 3720 1291 3783; x_wconf 86' lang='lat'><strong>3,</strong></span> <span class='ocrx_word' id='word_1_279' title='bbox 1306 3715 1602 3780; x_wconf 68' lang='lat' dir='ltr'><strong>Claudiannminllulin.</strong></span> 
     </span>
     <span class='ocr_line' id='line_1_35' title="bbox 475 3782 1604 3852; baseline 0.002 -20"><span class='ocrx_word' id='word_1_280' title='bbox 475 3783 563 3833; x_wconf 82' lang='lat' dir='ltr'><strong>deicit.</strong></span> <span class='ocrx_word' id='word_1_281' title='bbox 596 3782 664 3833; x_wconf 84' lang='lat' dir='ltr'><strong>idem</strong></span> <span class='ocrx_word' id='word_1_282' title='bbox 676 3782 741 3836; x_wconf 79' lang='lat' dir='ltr'><strong>Aen.</strong></span> <span class='ocrx_word' id='word_1_283' title='bbox 758 3783 790 3834; x_wconf 93' lang='lat' dir='ltr'><strong>lll</strong></span> <span class='ocrx_word' id='word_1_284' title='bbox 805 3785 870 3835; x_wconf 82' lang='lat'><strong>506:</strong></span> <span class='ocrx_word' id='word_1_285' title='bbox 889 3789 1019 3850; x_wconf 82' lang='lat' dir='ltr'><strong>proucti·</strong></span> <span class='ocrx_word' id='word_1_286' title='bbox 1062 3787 1158 3838; x_wconf 84' lang='lat'><strong>11238.</strong></span> <span class='ocrx_word' id='word_1_287' title='bbox 1187 3787 1276 3852; x_wconf 87' lang='lat' dir='ltr'><strong>ltaque</strong></span> <span class='ocrx_word' id='word_1_288' title='bbox 1297 3787 1430 3837; x_wconf 79' lang='lat' dir='ltr'><strong>Oceanum</strong></span> <span class='ocrx_word' id='word_1_289' title='bbox 1448 3785 1604 3834; x_wconf 86' lang='lat' dir='ltr'><strong>dissociabi-</strong></span> 
     </span>
     <span class='ocr_line' id='line_1_36' title="bbox 474 3849 1605 3979; baseline 0.01 -11"><span class='ocrx_word' id='word_1_290' title='bbox 474 3852 651 3971; x_wconf 54' lang='lat' dir='ltr'><strong>distiti?</strong></span> <span class='ocrx_word' id='word_1_291' title='bbox 670 3854 1019 3973; x_wconf 70' lang='lat' dir='ltr'><strong>idtii‘ditiittz</strong></span> <span class='ocrx_word' id='word_1_292' title='bbox 1060 3856 1281 3974; x_wconf 62' lang='lat' dir='ltr'><strong>{dedititiis</strong></span> <span class='ocrx_word' id='word_1_293' title='bbox 1287 3891 1294 3917; x_wconf 86' lang='lat'>’</span> <span class='ocrx_word' id='word_1_294' title='bbox 1310 3849 1605 3979; x_wconf 71' lang='lat' dir='ltr'><strong>didititdiiii</strong></span> 
     </span>
     <span class='ocr_line' id='line_1_37' title="bbox 473 3936 1604 4057; baseline 0.001 -19"><span class='ocrx_word' id='word_1_295' title='bbox 473 3936 555 4054; x_wconf 73' lang='lat' dir='ltr'><strong>¹Ib&#39;piri</strong></span> <span class='ocrx_word' id='word_1_296' title='bbox 566 4005 583 4039; x_wconf 91' lang='lat' dir='ltr'><strong>a</strong></span> <span class='ocrx_word' id='word_1_297' title='bbox 596 3959 871 4056; x_wconf 76' lang='lat' dir='ltr'><strong>crebrissalnrinibus</strong></span> <span class='ocrx_word' id='word_1_298' title='bbox 885 3989 935 4055; x_wconf 89' lang='lat' dir='ltr'><strong>(et)</strong></span> <span class='ocrx_word' id='word_1_299' title='bbox 954 4007 1018 4055; x_wconf 82' lang='lat' dir='ltr'><strong>pro·</strong></span> <span class='ocrx_word' id='word_1_300' title='bbox 1060 3992 1103 4042; x_wconf 84' lang='lat' dir='ltr'><strong>ael</strong></span> <span class='ocrx_word' id='word_1_301' title='bbox 1116 3993 1254 4056; x_wconf 80' lang='lat' dir='ltr'><strong>interprete</strong></span> <span class='ocrx_word' id='word_1_302' title='bbox 1265 3957 1367 4039; x_wconf 69' lang='lat' dir='ltr'><strong>dicistis</strong></span> <span class='ocrx_word' id='word_1_303' title='bbox 1381 3981 1504 4057; x_wconf 75' lang='grc' dir='ltr'><strong>ἄμικτος.</strong></span> <span class='ocrx_word' id='word_1_304' title='bbox 1525 3987 1604 4040; x_wconf 82' lang='lat' dir='ltr'><strong>dimi-</strong></span> 
     </span>
     <span class='ocr_line' id='line_1_38' title="bbox 471 4057 1603 4123; baseline 0.002 -17"><span class='ocrx_word' id='word_1_305' title='bbox 471 4058 721 4123; x_wconf 78' lang='lat' dir='ltr'><strong>piterattitudinom</strong></span> <span class='ocrx_word' id='word_1_306' title='bbox 733 4062 877 4120; x_wconf 85' lang='lat' dir='ltr'><strong>nominati,</strong></span> <span class='ocrx_word' id='word_1_307' title='bbox 889 4059 1019 4110; x_wconf 83' lang='lat' dir='ltr'><strong>urrcho·</strong></span> <span class='ocrx_word' id='word_1_308' title='bbox 1060 4075 1115 4110; x_wconf 90' lang='lat' dir='ltr'><strong>ram</strong></span> <span class='ocrx_word' id='word_1_309' title='bbox 1142 4061 1260 4110; x_wconf 86' lang='lat' dir='ltr'><strong>Oceanus</strong></span> <span class='ocrx_word' id='word_1_310' title='bbox 1286 4057 1336 4107; x_wconf 90' lang='lat' dir='ltr'><strong>iam</strong></span> <span class='ocrx_word' id='word_1_311' title='bbox 1360 4057 1495 4123; x_wconf 89' lang='lat' dir='ltr'><strong>opponitur</strong></span> <span class='ocrx_word' id='word_1_312' title='bbox 1517 4065 1603 4108; x_wconf 84' lang='lat' dir='ltr'><strong>cetero</strong></span> 
     </span>
     <span class='ocr_line' id='line_1_39' title="bbox 473 4125 1601 4192; baseline 0.002 -17"><span class='ocrx_word' id='word_1_313' title='bbox 473 4129 566 4176; x_wconf 84' lang='lat' dir='ltr'><strong>ratius</strong></span> <span class='ocrx_word' id='word_1_314' title='bbox 584 4132 742 4192; x_wconf 66' lang='lat' dir='ltr'><strong>repressius</strong></span> <span class='ocrx_word' id='word_1_315' title='bbox 762 4127 838 4183; x_wconf 72' lang='lat' dir='ltr'><strong>dicit</strong></span> <span class='ocrx_word' id='word_1_316' title='bbox 852 4128 1019 4178; x_wconf 87' lang='lat' dir='ltr'><strong>Acrocerau·</strong></span> <span class='ocrx_word' id='word_1_317' title='bbox 1060 4131 1149 4178; x_wconf 87' lang='lat' dir='ltr'><strong>mari:</strong></span> <span class='ocrx_word' id='word_1_318' title='bbox 1183 4127 1230 4176; x_wconf 89' lang='lat' dir='ltr'><strong>boc</strong></span> <span class='ocrx_word' id='word_1_319' title='bbox 1260 4125 1372 4192; x_wconf 88' lang='lat' dir='ltr'><strong>periculo</strong></span> <span class='ocrx_word' id='word_1_320' title='bbox 1407 4127 1487 4176; x_wconf 87' lang='lat' dir='ltr'><strong>mulia</strong></span> <span class='ocrx_word' id='word_1_321' title='bbox 1516 4127 1601 4190; x_wconf 84' lang='lat' dir='ltr'><strong>babet,</strong></span> 
     </span>
     <span class='ocr_line' id='line_1_40' title="bbox 474 4194 1601 4267; baseline 0.001 -24"><span class='ocrx_word' id='word_1_322' title='bbox 474 4198 529 4258; x_wconf 88' lang='lat' dir='ltr'><strong>nia,</strong></span> <span class='ocrx_word' id='word_1_323' title='bbox 542 4202 659 4261; x_wconf 83' lang='lat' dir='ltr'><strong>proptor</strong></span> <span class='ocrx_word' id='word_1_324' title='bbox 670 4196 841 4247; x_wconf 76' lang='lat' dir='ltr'><strong>altitudinem</strong></span> <span class='ocrx_word' id='word_1_325' title='bbox 855 4200 883 4245; x_wconf 87' lang='lat' dir='ltr'><strong>st</strong></span> <span class='ocrx_word' id='word_1_326' title='bbox 893 4196 1018 4267; x_wconf 79' lang='lat' dir='ltr'><strong>assiduos</strong></span> <span class='ocrx_word' id='word_1_327' title='bbox 1062 4195 1159 4246; x_wconf 81' lang='lat' dir='ltr'><strong>Oceani</strong></span> <span class='ocrx_word' id='word_1_328' title='bbox 1172 4202 1257 4245; x_wconf 89' lang='lat' dir='ltr'><strong>antem</strong></span> <span class='ocrx_word' id='word_1_329' title='bbox 1270 4201 1361 4245; x_wconf 89' lang='lat' dir='ltr'><strong>natura</strong></span> <span class='ocrx_word' id='word_1_330' title='bbox 1371 4194 1543 4245; x_wconf 82' lang='lat' dir='ltr'><strong>dissociabilis</strong></span> <span class='ocrx_word' id='word_1_331' title='bbox 1553 4203 1601 4258; x_wconf 84' lang='lat' dir='ltr'><strong>est,</strong></span> 
     </span>
     <span class='ocr_line' id='line_1_41' title="bbox 466 4264 1600 4330; baseline -0.001 -17"><span class='ocrx_word' id='word_1_332' title='bbox 466 4264 620 4329; x_wconf 72' lang='lat' dir='ltr'><strong>fulminum</strong></span> <span class='ocrx_word' id='word_1_333' title='bbox 633 4267 733 4316; x_wconf 88' lang='lat' dir='ltr'><strong>iactas.</strong></span> <span class='ocrx_word' id='word_1_334' title='bbox 758 4264 903 4315; x_wconf 84' lang='lat' dir='ltr'><strong>Seboliasta</strong></span> <span class='ocrx_word' id='word_1_335' title='bbox 915 4264 947 4313; x_wconf 89' lang='lat' dir='ltr'><strong>ad</strong></span> <span class='ocrx_word' id='word_1_336' title='bbox 960 4264 1019 4314; x_wconf 84' lang='lat' dir='ltr'><strong>Sta·</strong></span> <span class='ocrx_word' id='word_1_337' title='bbox 1061 4265 1168 4330; x_wconf 88' lang='lat' dir='ltr'><strong>ideoque</strong></span> <span class='ocrx_word' id='word_1_338' title='bbox 1181 4264 1248 4313; x_wconf 85' lang='lat' dir='ltr'><strong>anda</strong></span> <span class='ocrx_word' id='word_1_339' title='bbox 1261 4265 1316 4314; x_wconf 88' lang='lat' dir='ltr'><strong>eius</strong></span> <span class='ocrx_word' id='word_1_340' title='bbox 1329 4279 1378 4313; x_wconf 91' lang='lat' dir='ltr'><strong>nen</strong></span> <span class='ocrx_word' id='word_1_341' title='bbox 1390 4265 1519 4328; x_wconf 77' lang='lat' dir='ltr'><strong>tangenda</strong></span> <span class='ocrx_word' id='word_1_342' title='bbox 1532 4271 1600 4314; x_wconf 86' lang='lat' dir='ltr'><strong>suat.</strong></span> 
     </span>
    </p>
   </div>
   <div class='ocr_carea' id='block_1_11' title="bbox 474 4330 1666 4398">
    <p class='ocr_par' dir='ltr' id='par_1_13' title="bbox 474 4330 1666 4398">
     <span class='ocr_line' id='line_1_42' title="bbox 474 4330 1666 4398; baseline 0.001 -17"><span class='ocrx_word' id='word_1_343' title='bbox 474 4331 505 4382; x_wconf 84' lang='lat' dir='ltr'><strong>cii</strong></span> <span class='ocrx_word' id='word_1_344' title='bbox 516 4330 762 4385; x_wconf 81' lang='lat' dir='ltr'><strong>nerbaTbeb.1333</strong></span> <span class='ocrx_word' id='word_1_345' title='bbox 775 4332 1019 4398; x_wconf 59' lang='lat' dir='ltr'><strong>infames-§cyrone</strong></span> <span class='ocrx_word' id='word_1_346' title='bbox 1061 4331 1145 4383; x_wconf 85' lang='lat' dir='ltr'><strong>Tacit.</strong></span> <span class='ocrx_word' id='word_1_347' title='bbox 1171 4333 1238 4383; x_wconf 80' lang='lat' dir='ltr'><strong>Ann.</strong></span> <span class='ocrx_word' id='word_1_348' title='bbox 1261 4332 1283 4383; x_wconf 94' lang='lat' dir='ltr'><strong>ll</strong></span> <span class='ocrx_word' id='word_1_349' title='bbox 1306 4332 1352 4382; x_wconf 78' lang='lat'><strong>24:</strong></span> <span class='ocrx_word' id='word_1_350' title='bbox 1380 4349 1432 4398; x_wconf 83' lang='lat' dir='ltr'><strong>pao</strong></span> <span class='ocrx_word' id='word_1_351' title='bbox 1456 4334 1604 4383; x_wconf 85' lang='lat' dir='ltr'><strong>uiolentior</strong></span> <span class='ocrx_word' id='word_1_352' title='bbox 1660 4351 1666 4364; x_wconf 86' lang='lat'><strong>·</strong></span> 
     </span>
    </p>
   </div>
   <div class='ocr_carea' id='block_1_12' title="bbox 461 4401 1603 4744">
    <p class='ocr_par' dir='ltr' id='par_1_14' title="bbox 461 4401 1603 4744">
     <span class='ocr_line' id='line_1_43' title="bbox 470 4401 1602 4486; baseline 0.001 -37"><span class='ocrx_word' id='word_1_353' title='bbox 470 4405 583 4466; x_wconf 82' lang='lat' dir='ltr'><strong>patras:</strong></span> <span class='ocrx_word' id='word_1_354' title='bbox 596 4402 1018 4486; x_wconf 70' lang='lat' dir='ltr'><strong>dinitirifamosutssts&#39;nsarnos</strong></span> <span class='ocrx_word' id='word_1_355' title='bbox 1061 4407 1148 4452; x_wconf 85' lang='lat' dir='ltr'><strong>cetero</strong></span> <span class='ocrx_word' id='word_1_356' title='bbox 1173 4404 1248 4453; x_wconf 89' lang='lat' dir='ltr'><strong>mari</strong></span> <span class='ocrx_word' id='word_1_357' title='bbox 1273 4402 1402 4483; x_wconf 72' lang='lat' dir='ltr'><strong>Oceanus.</strong></span> <span class='ocrx_word' id='word_1_358' title='bbox 1440 4401 1602 4485; x_wconf 36' lang='lat' dir='ltr'><strong>(Joniectupi&#39;s</strong></span> 
     </span>
     <span class='ocr_line' id='line_1_44' title="bbox 461 4469 1602 4604; baseline 0.004 -20"><span class='ocrx_word' id='word_1_359' title='bbox 461 4469 1018 4604; x_wconf 66' lang='lat' dir='ltr'><strong>.:diditiiiittidrdititiii</strong></span> <span class='ocrx_word' id='word_1_360' title='bbox 1060 4470 1602 4604; x_wconf 52' lang='lat' dir='ltr'><strong>tinitidictddedititii</strong></span> 
     </span>
     <span class='ocr_line' id='line_1_45' title="bbox 474 4606 1603 4674; baseline -0.001 -17"><span class='ocrx_word' id='word_1_361' title='bbox 474 4609 608 4674; x_wconf 87' lang='lat' dir='ltr'><strong>scopulos,</strong></span> <span class='ocrx_word' id='word_1_362' title='bbox 623 4609 683 4658; x_wconf 89' lang='lat' dir='ltr'><strong>item</strong></span> <span class='ocrx_word' id='word_1_363' title='bbox 697 4609 729 4657; x_wconf 88' lang='lat' dir='ltr'><strong>ad</strong></span> <span class='ocrx_word' id='word_1_364' title='bbox 739 4606 774 4657; x_wconf 87' lang='lat' dir='ltr'><strong>vt</strong></span> <span class='ocrx_word' id='word_1_365' title='bbox 789 4607 847 4670; x_wconf 79' lang='lat' dir='ltr'><strong>iet,</strong></span> <span class='ocrx_word' id='word_1_366' title='bbox 861 4606 905 4656; x_wconf 89' lang='lat' dir='ltr'><strong>abi</strong></span> <span class='ocrx_word' id='word_1_367' title='bbox 917 4615 959 4658; x_wconf 89' lang='lat' dir='ltr'><strong>est</strong></span> <span class='ocrx_word' id='word_1_368' title='bbox 971 4609 1017 4659; x_wconf 84' lang='lat' dir='ltr'><strong>sil·</strong></span> <span class='ocrx_word' id='word_1_369' title='bbox 1111 4609 1185 4661; x_wconf 80' lang='lat'><strong>23-</strong></span> <span class='ocrx_word' id='word_1_370' title='bbox 1194 4609 1236 4658; x_wconf 91' lang='grc'><strong>24.</strong></span> <span class='ocrx_word' id='word_1_371' title='bbox 1256 4611 1346 4674; x_wconf 88' lang='lat' dir='ltr'><strong>inpiae</strong></span> <span class='ocrx_word' id='word_1_372' title='bbox 1364 4635 1397 4645; x_wconf 91' lang='lat'><em>-</em></span> <span class='ocrx_word' id='word_1_373' title='bbox 1414 4613 1488 4658; x_wconf 88' lang='lat' dir='ltr'><strong>rates</strong></span> <span class='ocrx_word' id='word_1_374' title='bbox 1502 4609 1603 4656; x_wconf 87' lang='lat' dir='ltr'><strong>transi-</strong></span> 
     </span>
     <span class='ocr_line' id='line_1_46' title="bbox 473 4674 1602 4744; baseline -0.001 -19"><span class='ocrx_word' id='word_1_375' title='bbox 473 4691 577 4742; x_wconf 81' lang='lat' dir='ltr'><strong>aaeque</strong></span> <span class='ocrx_word' id='word_1_376' title='bbox 595 4677 707 4742; x_wconf 76' lang='lat' dir='ltr'><strong>infamis</strong></span> <span class='ocrx_word' id='word_1_377' title='bbox 725 4679 852 4739; x_wconf 84' lang='lat' dir='ltr'><strong>tramite,</strong></span> <span class='ocrx_word' id='word_1_378' title='bbox 873 4677 918 4727; x_wconf 86' lang='lat' dir='ltr'><strong>sed</strong></span> <span class='ocrx_word' id='word_1_379' title='bbox 938 4677 976 4728; x_wconf 86' lang='lat' dir='ltr'><strong>ita</strong></span> <span class='ocrx_word' id='word_1_380' title='bbox 988 4685 1017 4729; x_wconf 82' lang='lat' dir='ltr'><strong>ut</strong></span> <span class='ocrx_word' id='word_1_381' title='bbox 1060 4680 1135 4731; x_wconf 88' lang='lat' dir='ltr'><strong>liant</strong></span> <span class='ocrx_word' id='word_1_382' title='bbox 1152 4678 1241 4730; x_wconf 78' lang='lat' dir='ltr'><strong>stada:</strong></span> <span class='ocrx_word' id='word_1_383' title='bbox 1263 4677 1347 4744; x_wconf 88' lang='lat' dir='ltr'><strong>inpiae</strong></span> <span class='ocrx_word' id='word_1_384' title='bbox 1360 4683 1434 4740; x_wconf 86' lang='lat' dir='ltr'><strong>sunt,</strong></span> <span class='ocrx_word' id='word_1_385' title='bbox 1453 4675 1520 4742; x_wconf 84' lang='lat' dir='ltr'><strong>quod</strong></span> <span class='ocrx_word' id='word_1_386' title='bbox 1538 4674 1602 4725; x_wconf 89' lang='lat' dir='ltr'><strong>nibil</strong></span> 
     </span>
    </p>
   </div>
   <div class='ocr_carea' id='block_1_13' title="bbox 1739 3941 1750 4081">
    <p class='ocr_par' dir='ltr' id='par_1_15' title="bbox 1739 3941 1750 4081">
     <span class='ocr_line' id='line_1_47' title="bbox 1744 3941 1750 4036; baseline 0 0"><span class='ocrx_word' id='word_1_387' title='bbox 1744 3941 1750 4036; x_wconf 78' lang='lat' dir='ltr'><strong>i</strong></span> 
     </span>
     <span class='ocr_line' id='line_1_48' title="bbox 1739 4039 1750 4081; baseline 0 0"><span class='ocrx_word' id='word_1_388' title='bbox 1739 4039 1750 4081; x_wconf 75' lang='lat' dir='ltr'><strong>r</strong></span> 
     </span>
    </p>
   </div>
   <div class='ocr_carea' id='block_1_14' title="bbox 0 0 1946 5525">
    <p class='ocr_par' dir='ltr' id='par_1_16' title="bbox 0 0 1946 5525">
     <span class='ocr_line' id='line_1_49' title="bbox 0 0 1946 5525; baseline 0 4"><span class='ocrx_word' id='word_1_389' title='bbox 0 0 1946 5525; x_wconf 95' lang='lat' dir='ltr'><strong> </strong></span> 
     </span>
    </p>
   </div>
  </div>
 </body>
</html>
