3884 5525
543 682 605 735 Xll.
626 683 669 733 llll
684 682 827 735 saecvla
840 684 958 736 nttutttt
971 684 1152 739 coutctttvs
1167 706 1223 741 cer.
1340 696 1453 739 xxxvtt

488 838 552 890 Nan
561 854 673 903 possiem
683 852 799 903 prorsas
812 839 908 905 dr'guos
921 854 1082 905 componere
1093 856 1208 893 ansas:
1317 878 1321 885 -

486 928 561 981 Nam
573 930 654 979 nimis
666 932 770 995 enpaae'
780 928 848 979 daec
858 944 902 979 me
912 930 1016 981 litante
1026 934 1118 983 auaui.

322 1077 414 1140 Paulo
431 1086 500 1161 post
521 1076 599 1139 idem
621 1076 734 1160 pergit:
760 1076 931 1161 crebraque
946 1076 1102 1162 (lledwig)
1126 1079 1213 1143 illam
1232 1092 1359 1165 postea,
1385 1104 1452 1147 erem

321 1194 478 1256 natasset,
497 1175 586 1245 adse
601 1191 758 1255 uocatam,
773 1185 943 1261 repentinis
958 1182 998 1245 at
1015 1206 1049 1246 aa
1065 1186 1207 1249 uersibus
1223 1190 1347 1250 exactis
1355 1210 1465 1273 grae·

323 1289 442 1350 casare
457 1288 567 1352 docuit
580 1298 614 1350 et
626 1289 717 1350 antae
734 1288 857 1350 dilexit.
879 1287 1014 1352 Tandem
1029 1310 1151 1375 qaoque
1166 1291 1326 1373 abeuntem
1339 1292 1452 1357 Ouarsa

321 1404 352 1454 ct
367 1394 553 1479 qat'basdam
569 1394 655 1469 alies,
674 1416 747 1465 oros
763 1416 851 1457 noum
867 1416 1019 1456 emanire
1035 1416 1172 1459 nosravn
1189 1420 1300 1477 aseer,
1323 1401 1453 1463 doreaut't

321 1500 426 1561 libris.
467 1498 656 1563 Burcbardus
678 1498 729 1561 ille
752 1521 826 1583 puer
848 1500 971 1583 posthac
995 1501 1086 1564 abbas
1108 1502 1251 1565 ccclesiae
1272 1502 1303 1566 S.
1323 1504 1400 1568 Galli
1421 1528 1450 1568 a.

194 1681 196 1690 Α
324 1608 404 1669 1001
425 1608 519 1669 lactus
536 1617 583 1669 est
598 1616 629 1669 et
644 1628 672 1669 a.
694 1609 774 1670 1022
791 1618 915 1671 mortem
932 1606 1023 1685 obitu
1049 1608 1115 1691 lege
1131 1608 1231 1671 eudem
1249 1610 1452 1674 llloaamenta

207 1712 216 1766 '.
322 1712 348 1774 ll
363 1735 393 1795 p.
408 1716 469 1776 154
486 1722 517 1775 et
535 1717 606 1776 155.
638 1712 741 1776 Codex
763 1714 814 1775 ille
829 1734 869 1776 ex
886 1713 995 1775 Sueuia
1011 1736 1028 1776 a
1044 1712 1214 1777 Barchardo
1229 1737 1322 1798 puero
1339 1716 1453 1780 decimo

322 1819 444 1882 saeculo
459 1820 492 1881 in
507 1820 666 1883 armarium
683 1820 878 1905 Sangallense
894 1820 1078 1899 translatus,
1103 1842 1188 1904 quem
1212 1822 1362 1885 annalium
1378 1822 1453 1886 scri-

321 1936 389 2008 ptor
404 1924 604 1989 Ekkchardus
624 1926 655 1987 in
677 1925 856 1989 bibliotheca
878 1924 1066 2009 sangallensi
1087 1926 1180 2005 uidit,
1206 1929 1316 1993 nostris
1338 1950 1453 2012 quoque

321 2030 427 2095 diebus
443 2030 506 2094 illic
521 2044 696 2096 asseruatur
711 2043 741 2094 et
756 2052 860 2095 omnes
875 2032 988 2096 saeculi
1005 2032 1110 2096 decimi
1127 2046 1212 2099 nous
1227 2036 1332 2098 refert.
1361 2036 1453 2099 Prae-

320 2150 405 2201 terea
422 2138 479 2200 hoc
495 2138 586 2201 etiam
602 2138 745 2201 conuenit
760 2149 790 2201 et
805 2140 985 2202 sententiam
1001 2160 1096 2202 meam
1117 2140 1289 2218 confirmat,
1308 2142 1385 2224 quod
1401 2145 1453 2205 du-

323 2246 403 2308 cissa
419 2244 622 2307 Burchardum
641 2244 749 2307 Oratio
770 2245 911 2323 donauit,
936 2268 971 2308 ac
995 2246 1098 2309 titulus
1120 2247 1213 2329 primo
1229 2247 1353 2349 carmini
1369 2269 1453 2331 prae-

322 2353 454 2435 scriptus
477 2360 524 2414 est
540 2351 647 2415 Ornat
663 2352 743 2413 tiber
758 2354 938 2414 carminum.
964 2352 1027 2415 lloc
1049 2352 1115 2415 sine
1137 2352 1224 2415 dubio
1246 2366 1315 2416 ante
1337 2375 1384 2417 me
1407 2356 1453 2418 ui·

323 2458 439 2523 dissent
454 2457 535 2520 docti
550 2454 620 2533 uiri,
638 2455 687 2538 qui
704 2455 856 2539 catalogos
871 2456 1067 2520 bibliothecae
1084 2456 1287 2539 sangallensis
1303 2460 1450 2536 lecerunt,

323 2566 398 2629 Piae
414 2564 495 2629 ttott
511 2574 542 2625 et
552 2561 732 2644 ildefonsus
748 2562 786 2623 ab
800 2561 892 2638 Ara,
912 2563 939 2625 si
954 2562 1010 2626 hoc
1024 2562 1069 2626 illi
1084 2564 1339 2642 considerassent,
1357 2564 1453 2629 Hora-

322 2670 356 2733 tii
373 2670 506 2733 codicem
524 2669 594 2732 olim
610 2688 664 2751 pro
687 2687 721 2730 se
743 2667 917 2731 constitisse
938 2680 968 2731 et
991 2690 1056 2731 cum
1080 2669 1189 2731 ceteris
1206 2668 1320 2731 Lucani
1343 2682 1372 2733 et
1388 2672 1453 2735 Sal-

323 2779 404 2843 lustii
420 2789 451 2840 et
463 2765 561 2840 Ouidii
577 2775 690 2838 saeculi
705 2774 855 2837 undecimi
871 2775 955 2838 libris
970 2775 1048 2838 male
1063 2776 1194 2839 iunctum
1209 2795 1289 2854 esse,
1307 2797 1373 2839 cum
1389 2777 1453 2860 ipse

323 2889 433 2948 fratres
448 2905 520 2947 suos
536 2883 668 2945 minores
683 2892 713 2944 et
729 2881 827 2944 nitore
844 2893 874 2943 et
885 2881 1038 2965 diligentia
1054 2882 1217 2966 scripturae
1229 2884 1354 2946 multum
1369 2893 1454 2944 ante·

324 2991 423 3054 cellat.
462 2988 550 3053 Nunc
576 2987 621 3050 illi
643 2987 756 3050 maiore
778 2999 863 3070 parte
887 2987 1047 3051 uoluminis
1070 2987 1185 3073 decepti
1208 2987 1365 3050 Horatium
1387 3009 1452 3050 cum
1525 3032 1528 3040 ·

325 3099 435 3162 ceteris
450 3096 487 3160 ad
502 3096 580 3158 idem
596 3094 747 3157 saeculum
763 3093 808 3155 Xl
823 3095 1069 3173 amandoruntll.

408 3203 496 3265 Alter
507 3201 729 3285 sangallensis
743 3199 850 3262 decimi
862 3198 974 3262 saeculi
990 3201 1088 3265 codex
1103 3201 1275 3286 oppidamas
1291 3212 1348 3278 est,
1359 3203 1454 3264 forma

325 3311 484 3393 oblongus,
502 3309 598 3380 n.10‚
616 3306 693 3368 bene
710 3306 849 3389 scriptus,
868 3307 1042 3390 plerumque
1057 3307 1164 3384 bouus,
1186 3307 1343 3390 aliquando
1359 3307 1454 3370 inter-

317 3418 454 3501 'polatus
480 3414 607 3498 Operum
624 3411 776 3475 successio
793 3413 866 3475 haec
880 3423 944 3475 est:
965 3413 1135 3488 Caraaiaa,
1156 3411 1264 3499 Epade'
1283 3415 1453 3494 (saeculare

326 3544 446 3586 carmen
463 3521 567 3594 abest,
590 3517 662 3580 item
679 3519 790 3601 epodus
806 3522 1007 3601 postremus),
1030 3521 1096 3582 Ars
1108 3521 1251 3603 poetica,
1274 3520 1452 3598 semones,

326 3631 503 3714 Epistulae.
529 3625 625 3688 llabet
643 3633 730 3687 notas
750 3623 907 3687 breuiores
930 3624 965 3686 ad
989 3624 1151 3705 marginem
1173 3635 1225 3687 aut
1245 3625 1325 3688 inter
1346 3645 1454 3689 uersus
1533 3636 1540 3646 “

326 3733 449 3814 positas.
475 3729 675 3796 Praelationis
697 3727 771 3791 nihil
793 3729 890 3792 adest.
922 3727 1029 3811 Incipit
1050 3728 1170 3790 uerbis:
1195 3729 1328 3792 Horatii
1348 3732 1458 3794 Flacci

326 3835 406 3897 liber
428 3835 612 3900 Carminium
635 3838 757 3922 incipit.
797 3836 888 3898 Hunc
905 3835 941 3897 ab
964 3833 1076 3896 Orellio
1100 3833 1294 3916 neglegenter
1317 3836 1454 3898 collatum

213 3965 221 3983 ³
326 3960 380 4024 ego
395 3941 427 4003 in
442 3941 627 4005 carminibus
643 3953 786 4024 quattuor
806 3944 963 4024 postremis
980 3939 1049 4025 (llll
1070 3943 1225 4020 12-15),
1252 3961 1328 4022 quae
1349 3942 1457 4004 desunt

326 4047 419 4110 codici
449 4048 703 4128 monasteriensi,
735 4059 797 4110 tum
826 4048 858 4110 in
890 4047 1027 4132 Eparia,
1056 4044 1273 4121 Semonibus,
1298 4045 1456 4129 Iu'pn'stult'o¹

326 4153 420 4217 denuo
437 4155 575 4237 excussi.

392 4408 419 4473 ⁴)
439 4410 462 4459 Α
474 4425 538 4459 uero
552 4425 601 4460 non
621 4410 710 4476 procul
723 4411 814 4460 uberat
827 4409 889 4459 Pius
902 4409 968 4459 ttott
977 4428 980 4434 ·
990 4409 1014 4458 in
1029 4409 1154 4473 Catnlogo
1167 4427 1212 4460 suo
1226 4411 1339 4462 scribens
1352 4427 1375 4476 p.
1390 4409 1455 4458 397:

327 4482 352 4526 ct
365 4479 433 4527 ltace
444 4482 585 4544 ipsissima
597 4480 692 4543 saissa
711 4479 837 4543 (carmina
852 4478 952 4528 lloeatli
967 4479 1114 4527 llus-chordo
1128 4479 1235 4546 donata)
1255 4483 1363 4529 minime
1382 4477 1458 4525 dalri-

328 4541 430 4609 taram',
452 4550 483 4596 m'
493 4549 639 4597 character
651 4548 852 4611 aliquantalum
869 4550 961 4596 iactor
974 4552 1121 4612 appareret
1132 4547 1181 4597 itta
1194 4553 1299 4610 aetate,
1321 4559 1374 4608 aaa
1386 4545 1458 4592 Bar-

328 4614 458 4666 etardum
472 4631 531 4665 ceam
546 4631 563 4664 a
576 4615 683 4666 dacisca
696 4619 830 4679 aceeptus
843 4616 912 4679 lego.
940 4614 966 4664 ln
987 4614 1046 4664 ullis
1064 4615 1136 4665 libris
1158 4617 1216 4665 huic
1229 4611 1355 4665 adiunctis
1374 4609 1459 4660 iunior

328 4682 456 4748 scriptura
469 4691 588 4750 apparet,
601 4685 627 4735 in
640 4684 739 4736 Horatii
752 4683 838 4736 codice
850 4697 925 4734 secus
937 4690 987 4732 cst.
1018 4745 1024 4760 ¹
