3884 5525
811 616 949 669 EPODON
969 618 1012 668 lr.

506 788 615 849 leuare
630 766 717 847 teuta
732 786 844 862 spiritu
859 787 1053 860 praecordia.

506 912 582 974 ergo
598 901 745 975 uegetum
761 896 872 957 uincor
886 900 923 957 ut
937 898 1061 959 credam
1077 900 1183 976 miser,

507 1005 632 1071 Sabella
647 1012 757 1084 pectus
771 1009 936 1083 increpare
950 1010 1102 1087 carmina,

506 1123 662 1203 caputque
676 1116 786 1180 Marsa
801 1119 940 1181 dissilire
955 1122 1059 1183 uenia.

504 1228 577 1304 quid
593 1228 728 1304 amplius
744 1230 814 1292 uls?
835 1245 854 1291 o
870 1236 1115 1309 marecleam,
1134 1232 1227 1293 ardeo
1434 1242 1467 1291 eo

497 1325 656 1415 ‘quantum
672 1354 772 1415 neque
788 1346 858 1404 atro
873 1343 1031 1405 delibutus
1047 1342 1200 1405 Hercules

373 1472 396 1531 ῃ
505 1447 603 1511 Nessi
618 1465 741 1525 cruore,
759 1467 818 1513 uec
833 1448 949 1515 Sicana
966 1454 1086 1516 leruida

507 1561 615 1622 uirens
630 1562 663 1622 iu
679 1560 784 1624 Aetne
798 1564 938 1625 damula:
955 1568 1003 1641 tu,
1021 1565 1119 1625 douec
1134 1562 1215 1625 cinis

506 1672 668 1734 iniuriosis
684 1674 791 1735 addus
806 1676 912 1736 uentis
928 1677 1025 1753 ierur,

506 1782 589 1844 cales
605 1785 736 1846 uenenis
751 1786 874 1848 cilicina
889 1782 1070 1849 Colchicis?
1434 1794 1467 1845 3⁵

505 1907 585 1969 uuae
600 1896 671 1958 fluis
686 1900 742 1957 aut
756 1897 838 1973 quod
853 1912 903 1959 ure
919 1901 1024 1959 manet
1039 1896 1249 1973 stipendium?
1319 1930 1324 1941 ι

408 2012 451 2063 26.
469 2014 530 2064 leua
542 2012 645 2066 retenta
656 2017 691 2067 A.
787 2017 830 2068 29.
851 2016 989 2085 Capudque
1003 2018 1026 2083 (t
1038 2032 1120 2082 caper
1133 2018 1148 2066 d
1160 2020 1312 2083 ascriptum
1326 2030 1365 2066 rc.
1377 2014 1466 2080 m.)B.
1488 2010 1494 2027 '

339 2080 462 2132 dissillire
475 2083 509 2133 A.
629 2085 671 2135 39.
691 2092 718 2135 et
730 2092 801 2137 terra
812 2086 928 2151 ABngo
942 2087 1109 2152 (Blanditiis)
1122 2090 1320 2136 commentator
1334 2085 1467 2149 Groquii:

339 2165 354 2198 o
367 2156 438 2200 terra
451 2152 582 2211 §Acrem
695 2154 738 2202 32.
757 2155 855 2204 sicana
868 2156 901 2205 ll.
1014 2156 1057 2205 33.
1075 2154 1170 2205 Vireus
1181 2156 1229 2205 Αω
1239 2148 1276 2203 ’4.
1288 2148 1354 2203 cod?
1370 2152 1468 2218 (Bian-

340 2218 436 2282 de'nt'i).·
460 2217 545 2271 Vreus
557 2221 657 2287 Brige,
682 2220 782 2271 Furens
795 2224 926 2273 corunelli.
1009 2224 1154 2287 uetbuuB,
1180 2222 1322 2288 ethuaHg.
1404 2220 1468 2271 tua

294 2345 296 2355 ,
340 2291 477 2353 atceien‘,
496 2296 622 2340 nonium.
718 2290 722 2295 ’

339 2390 395 2455 pria
407 2390 439 2440 de
453 2390 558 2441 Horatio
572 2391 705 2442 dicendum
717 2398 785 2444 erat.
805 2391 882 2442 Coni.
926 2393 1002 2445 detur
1013 2408 1071 2444 esse
1090 2392 1156 2443 utin
1169 2392 1287 2443 lemmate
1300 2408 1315 2441 o
1329 2397 1405 2441 tarra
1424 2407 1468 2457 po·

341 2458 427 2509 Carsu.
441 2458 461 2509 ll
476 2460 507 2509 18
522 2460 569 2510 15:
591 2461 718 2511 truditur
729 2461 786 2511 dies
799 2462 852 2511 die.
926 2470 1010 2513 neret.
1030 2462 1091 2512 iude
1111 2462 1157 2511 boc
1175 2460 1252 2511 etiam
1274 2460 1299 2509 in
1313 2460 1392 2509 libros
1406 2475 1468 2509 uon-

392 2528 515 2578 25-26.
540 2535 584 2580 eat
598 2557 633 2567 -
649 2530 757 2579 leuare:
783 2528 883 2580 Graeco
926 2532 1010 2581 nullos
1022 2538 1188 2597 propagatum
1202 2537 1250 2579 est.
1417 2566 1424 2580 .

340 2612 410 2647 inore
422 2611 468 2663 pro
481 2594 559 2648 ἔστιν
571 2598 613 2648 uel
630 2597 750 2659 ἔξεστιν,
770 2614 843 2665 quem
857 2600 883 2648 in
979 2600 1091 2649 31-32,
1111 2604 1243 2663 quantum
1257 2624 1290 2634 -
1303 2610 1413 2646 maore:
1431 2596 1466 2645 ci.

341 2665 503 2716 Carminibus
520 2666 628 2731 uitauit,
648 2668 673 2717 in
692 2666 785 2717 iambis
803 2668 884 2719 semel
925 2667 1008 2735 lipod.
1024 2668 1094 2718 317.
1166 2668 1301 2717 delibutus
1319 2662 1422 2715 a'ueste
1436 2664 1467 2714 ad

340 2735 459 2799 admisit,
478 2735 581 2802 saepius
599 2737 624 2787 in
645 2736 809 2787 sermonibus
821 2736 845 2802 (Ι
867 2736 883 2786 2
926 2737 1060 2789 Herculem
1074 2736 1205 2800 ingeniose
1216 2734 1378 2786 translatum.
1392 2730 1467 2784 Nessi
1500 2793 1501 2796 Ἴ

341 2805 374 2854 19
387 2812 414 2855 et
426 2805 485 2867 iol,
509 2805 580 2867 587,
599 2805 649 2856 llo
666 2805 729 2871 103)
741 2813 768 2856 et
780 2805 884 2871 Epistu-
925 2823 1002 2856 cruor
1019 2813 1080 2857 oter
1100 2806 1148 2856 luit
1167 2813 1196 2856 ut
1216 2804 1333 2870 uiperu'no
1354 2803 1466 2866 mixtusp

341 2874 374 2923 lis
387 2872 409 2936 (l
424 2874 434 2922 1
451 2873 494 2936 32,
511 2873 542 2922 12
556 2872 594 2938 2).
925 2875 960 2926 ci.
975 2875 1059 2926 Carsu.
1076 2873 1110 2925 lli
1123 2876 1139 2924 4
1154 2874 1197 2925 11.

393 2941 435 2991 26.
453 2943 634 3008 praecordio.-
655 2943 787 3008 pulmones
802 2958 885 3008 prae·
978 2943 1107 2994 32-33.
1136 2959 1184 2994 nec
1203 2943 1306 2994 Sicana
1324 2968 1358 2978 -
1379 2939 1467 2997 Aetna

342 3009 436 3061 cordia
448 3011 512 3061 dixit
524 3013 555 3061 ut'
565 3012 635 3062 cordi
647 3012 786 3078 proximos,
808 3018 884 3063 teoto
916 3014 1054 3080 flammo:
1071 3013 1146 3076 iunge
1153 3011 1269 3078 feruida
1282 3014 1310 3060 in
1322 3011 1425 3072 Aetna,
1439 3016 1468 3059 ut

341 3094 387 3146 pro
400 3078 532 3130 distenta.
925 3083 1066 3134 uadentem
1087 3083 1205 3133 Aetnam
1227 3080 1348 3130 babemus
1370 3078 1395 3126 in
1413 3076 1465 3129 ΑΡ.

392 3147 517 3198 21-29.
545 3147 584 3198 iix
608 3150 741 3200 incredulo
765 3151 884 3201 credulus
924 3152 993 3214 465,
1020 3158 1072 3201 tum
1099 3150 1200 3201 Sicana
1224 3153 1314 3200 uirens
1331 3148 1467 3214 flamme5

341 3217 393 3266 iam
407 3215 490 3266 iactus
510 3232 580 3280 sum,
599 3233 647 3282 quo
668 3219 723 3285 ipso
741 3219 789 3269 tibi
809 3220 886 3270 satis·
923 3225 1014 3271 cirene
1025 3216 1394 3270 ustuiridissiuesubuiridis:
1405 3215 1468 3265 talis

342 3283 438 3333 facium
451 3285 495 3332 lii·
925 3291 992 3341 enini
1012 3289 1109 3340 sulfure
1123 3303 1230 3338 accenso
1246 3287 1272 3336 in
1286 3287 1369 3336 Aetna
1382 3285 1466 3335 ardet.

393 3349 437 3400 27,
459 3354 559 3399 mirer.-
577 3351 697 3402 miseriae
714 3368 754 3402 me
774 3355 821 3404 boc
840 3356 885 3404 do·
924 3357 975 3408 Pro
989 3358 1044 3408 acri
1057 3361 1157 3408 flammo
1170 3355 1269 3421 accepit
1281 3353 1421 3406 Neunlrius.

341 3425 460 3470 oderunt·
639 3480 641 3483 ,
978 3427 1021 3474 34.
1052 3429 1193 3476 iniuriosis
1210 3452 1246 3461 -
1264 3427 1370 3473 uenies:
1400 3425 1468 3472 iniu-

392 3486 437 3536 28.
456 3485 567 3537 Sabella
585 3513 620 3524 —
638 3491 782 3538 carminat·
797 3489 883 3553 qualia
925 3495 1008 3542 riosia
1021 3493 1173 3557 dictum-per
1185 3487 1336 3560 πρόληψιν,
1348 3489 1468 3538 iniuriam

341 3555 454 3635 recitant
469 3555 594 3635 mulieres
613 3556 655 3635 uel
674 3570 738 3605 anus
752 3556 883 3620 Sabeliae,
925 3559 989 3608 mibi
1002 3561 1126 3622 illaturis,
1142 3559 1275 3609 cumeiuis
1286 3557 1373 3606 aridus
1385 3555 1468 3606 factus

341 3624 712 3758 inierigilonussusctoiilpigiii·
729 3624 883 3758 iiiiepsiiilio
926 3641 1020 3745 81111195.
1052 3695 1122 3744 cales
1145 3697 1259 3743 uenenis
1279 3694 1387 3756 officina
1409 3693 1469 3743 Col-

342 3760 449 3813 turbara
461 3761 505 3810 uel
516 3775 623 3811 uersare
638 3761 733 3826 (Serui.
748 3761 759 3811 1
773 3761 789 3812 8
803 3762 856 3824 19).
927 3764 1044 3813 obiciet:
1064 3764 1127 3812 lruec
1139 3761 1216 3824 uulgo
1229 3777 1276 3827 per
1288 3761 1469 3824 interrogatio-

393 3830 436 3880 29.
462 3829 560 3880 Marea
578 3857 611 3867 —
630 3834 725 3880 nenia:
748 3831 779 3880 de
796 3831 884 3880 iucau-
926 3829 1212 3881 uemnonclieruntur:
1233 3845 1321 3880 uerum
1336 3828 1467 3893 Horatius,

257 3891 261 3897 ’
342 3898 463 3951 tantautis
486 3897 629 3949 Marsorum
653 3898 689 3949 ei.
714 3899 747 3949 ad
765 3898 846 3964 Epod.
863 3899 883 3948 '5
926 3901 969 3966 qui
982 3899 1056 3950 liuern
1069 3899 1185 3949 ueneficii
1207 3898 1325 3964 precibus
1344 3913 1372 3947 so
1391 3898 1469 3963 impe-

343 3967 455 4019 75-76.
927 3976 999 4030 trare
1017 3984 1091 4035 posse
1110 3967 1247 4034 sperabat,
1269 3967 1332 4016 baec
1353 3967 1469 4016 absolute

394 4035 506 4086 30-35.
527 4035 643 4086 Labores
661 4036 710 4085 mei
728 4036 818 4099 augeri
834 4051 884 4086 non
926 4053 1021 4104 ponere
1041 4052 1090 4086 uon
1111 4037 1202 4102 potuit.
1225 4031 1318 4102 ‘ipsam
1337 4035 1468 4086 mulierem

342 4112 464 4170 possunt,
484 4105 534 4155 uisi
554 4104 621 4156 forte
639 4105 884 4171 plauepardcrema
928 4105 1051 4156 officinam
1081 4119 1236 4155 uenenorum
1267 4105 1362 4154 diserte
1389 4099 1468 4154 dicit'.

342 4173 393 4223 uis.
926 4175 1101 4226 Poururmou.
1117 4173 1219 4224 Diserte
1233 4189 1331 4240 quoque
1343 4189 1415 4244 suum
1429 4187 1469 4222 ar-

395 4241 438 4291 30.
457 4247 602 4293 emarcet
617 4248 709 4292 terro.-
728 4239 794 4306 apud
806 4239 886 4291 Acro·
927 4245 1014 4294 dorem
1028 4250 1055 4293 et
1067 4242 1193 4292 Canidiae
1206 4243 1332 4306 calorem,
1347 4243 1372 4293 b.
1387 4259 1412 4292 e.
1426 4256 1470 4308 pa·

343 4321 401 4358 uern
414 4310 460 4359 boc
473 4311 582 4376 legitur:
600 4306 627 4360 ‘o
641 4325 734 4373 mare,
755 4325 771 4358 o
791 4315 884 4361 ima:
927 4313 1002 4363 randi
1014 4313 1106 4371 ueneni
1119 4311 1241 4374 studium,
1255 4311 1405 4376 composuit.

343 4376 391 4428 sub
403 4376 578 4440 indignatione
591 4380 735 4440 exclamat,
748 4384 777 4427 ut
788 4376 886 4428 Teren·
979 4381 1022 4432 36.
1048 4397 1118 4446 quoe
1131 4381 1219 4443 fiur'e:
1243 4380 1268 4429 iu
1291 4379 1338 4430 bac
1361 4378 1471 4429 formula

342 4445 396 4495 tius
426 4459 454 4493 o·
472 4451 561 4511 terra,
595 4465 611 4500 o
635 4451 726 4498 maria
749 4441 882 4512 Neptuni’
927 4447 1469 4516 quaestoredicitur,uouqaifiois,quod

342 4512 464 4578 (Adelph.
477 4511 500 4562 V
512 4515 528 4564 3
540 4517 577 4579 t).
597 4517 658 4568 iudo
671 4515 802 4576 Reutieius
815 4530 885 4566 rece·
927 4519 995 4569 male
1014 4520 1131 4569 sonabat.
1159 4517 1199 4568 ul.
1215 4517 1270 4568 Cic.
1285 4517 1317 4567 ad
1330 4517 1384 4567 att.
1398 4515 1470 4566 Villi

342 4581 381 4648 pit
400 4597 416 4631 o
435 4586 511 4631 ema
528 4599 574 4648 pro
593 4591 717 4636 auterre.
737 4583 788 4634 Sed
800 4585 884 4635 Acron
929 4588 961 4637 19
980 4585 1039 4653 §42
1059 4603 1128 4652 pauc
1146 4589 1216 4638 euim
1228 4587 1299 4650 finis
1309 4588 1470 4652 peregrinu-

343 4649 468 4701 subicctis
479 4647 594 4701 Terentii
614 4654 702 4705 uerbis
715 4652 834 4705 inductus
846 4654 885 4704 ui·
929 4659 1033 4707 tionis?
1050 4656 1088 4707 De
1101 4655 1193 4721 Legib.
1208 4654 1230 4706 ll
1244 4655 1275 4705 22
1289 4653 1303 4720 ξ
1317 4655 1364 4705 55:
1386 4669 1470 4721 nepos
