3884 5525
782 592 960 645 rebullivit
979 594 1012 645 ill
1032 595 1075 645 23.

615 765 738 831 ceruice
753 765 877 841 tinguet
886 790 903 849 ιι
912 770 944 827 te
959 765 1036 827 nihil
1053 766 1167 827 attinet

613 880 765 952 temptare
782 877 879 937 multa
895 878 991 937 caete
1005 877 1177 938 bidentium

611 1002 726 1063 paruos
742 991 944 1049 coronantem
962 989 1082 1049 marino

612 1114 684 1161 rore
698 1100 773 1159 ileos
789 1098 956 1175 fragilique
971 1102 1087 1174 myrto.

612 1253 750 1315 inmunis
766 1266 852 1313 aram
870 1253 896 1313 sl
913 1250 1019 1327 tetigit
1033 1266 1156 1329 manus,

613 1379 673 1425 non
691 1368 872 1441 sumptuosa
889 1362 1032 1425 blandior
1047 1364 1149 1425 hostia

612 1475 746 1536 mollibit
760 1488 890 1537 auersos
905 1470 1040 1535 Penates

612 1587 697 1649 farre
711 1587 762 1663 pio
778 1591 810 1648 et
826 1586 958 1648 saliente
974 1587 1067 1647 mica.
1456 1598 1489 1648 ao

431 1739 471 1789 13.
491 1740 591 1803 tinguet
601 1740 683 1805 bug.-
704 1740 780 1805 lingit
796 1740 826 1803 G,
847 1740 928 1805 tinget
941 1754 967 1800 ς.
1040 1740 1120 1789 nichil
1131 1740 1162 1790 B.
1271 1740 1312 1790 14.
1333 1740 1487 1791 ceiaBGH.

352 1808 466 1858 bidenti
476 1808 505 1859 G.
618 1809 739 1860 17-19.
762 1809 932 1859 Hildebertus
946 1808 1047 1859 Pbc‘ios.
1063 1810 1202 1874 moralip.
1213 1808 1275 1859 972.
1391 1810 1432 1860 l'l.
1451 1811 1490 1859 in-

351 1877 442 1925 munis
456 1878 493 1927 B:
521 1878 588 1927 imm.
606 1878 679 1943 GHg.
763 1878 879 1941 tetigerit
896 1878 929 1927 B.
1057 1878 1179 1928 tls-lo.
1199 1877 1313 1929 Seruius
1334 1878 1370 1928 ad
1383 1879 1486 1943 Vergil.

352 1946 426 1995 Aen.
441 1944 463 1994 V
476 1946 536 1995 745.
651 1946 708 1996 lb.
728 1944 840 1996 mollibit
858 1945 879 1996 tl
898 1961 962 1997 corr
976 1946 1022 1995 ba
1041 1947 1095 1997 duo
1111 1946 1256 1996 Blaadr'nii
1272 1947 1385 1998 Seruius
1400 1948 1489 1997 Acron

352 2014 444 2064 schol.
461 2014 575 2081 Crmqur'e'
586 2014 770 2066 Hildebertus:
790 2014 904 2065 Molliuit
917 2016 939 2065 H
952 2015 1019 2081 (Bi)
1035 2032 1052 2075 ς
1064 2032 1134 2065 unus
1146 2016 1321 2080 blensensis,
1340 2014 1425 2066 ltolllc
1435 2032 1464 2082 g.

353 2167 395 2217 eis
409 2174 449 2217 est
461 2167 615 2232 λιβανωτίς.
629 2166 725 2217 Plinius
739 2166 793 2219 ΝΗ.
807 2167 901 2219 xvlltl
946 2166 1072 2236 Pbitlyltte
1095 2184 1197 2219 manum
1221 2171 1325 2236 accipe,
1352 2170 1424 2219 cuius
1450 2169 1491 2219 iar

355 2236 390 2287 62
405 2235 477 2299 (12):
499 2238 629 2287 libanotis
648 2237 714 2286 loeis
728 2239 857 2303 putribus
876 2244 902 2287 et
941 2240 1019 2301 pium
1045 2244 1085 2287 est
1109 2245 1136 2288 et
1156 2238 1199 2303 pia
1220 2240 1316 2290 saliens
1335 2240 1417 2298 mica,
1440 2254 1489 2287 non

354 2308 458 2355 macris
478 2320 511 2354 ac
527 2306 642 2355 roscidis
663 2309 766 2355 seritur
785 2309 901 2369 semins3
944 2305 1011 2355 alins
1025 2306 1134 2355 bominis
1148 2322 1263 2370 manum,
1285 2308 1315 2357 de
1329 2323 1378 2371 quo
1391 2316 1489 2357 certum

354 2374 476 2423 radicem
492 2374 573 2424 babet
585 2374 715 2438 olusatrr',
731 2376 800 2424 nibil
810 2391 827 2424 a
841 2381 902 2425 ture
945 2389 994 2423 non
1007 2380 1062 2436 cst,
1081 2375 1193 2438 possitne
1211 2374 1304 2425 offerre
1317 2376 1385 2441 piam
1397 2376 1489 2425 molam

355 2444 533 2509 diffarerrtcm.
546 2470 582 2479 —
595 2443 709 2507 Quidam
722 2458 781 2493 eum
794 2448 902 2494 nornine
945 2458 1035 2492 necne.
1054 2442 1142 2507 itaque
1155 2449 1315 2508 sumptuosa
1327 2445 1419 2493 bostis
1431 2460 1490 2493 oex-

336 2532 340 2537 ·
354 2514 411 2563 alio
427 2514 610 2561 rosmarinum
624 2513 773 2577 appellant.
838 2518 842 2533 '
944 2517 986 2561 ius
999 2526 1075 2561 casus
1087 2518 1137 2575 esi,
1151 2527 1200 2560 non
1213 2513 1320 2577 primus,
1339 2519 1368 2561 ut
1380 2512 1489 2562 credidit

330 2576 331 2579 ’
412 2580 538 2629 17-20.
559 2580 682 2647 Sequitur
700 2580 901 2631 clausulacuius
944 2578 1113 2646 Porphyrion.
1140 2578 1205 2629 illud
1220 2582 1311 2630 suadet
1325 2580 1423 2629 Horatii
1435 2596 1489 2630 mos

355 2649 422 2699 baec
446 2649 576 2699 sententia
601 2656 656 2699 est:
683 2656 727 2699 tua
748 2664 837 2699 manus
858 2649 900 2699 ubi
944 2649 1034 2713 quinta
1064 2648 1124 2698 sede
1148 2664 1241 2699 uersus
1264 2648 1363 2699 Alcaiei
1387 2649 1488 2713 longam

357 2718 413 2768 sine
430 2732 536 2768 munera
554 2718 695 2782 (inmrcnr's)
715 2732 786 2768 aram
805 2718 901 2783 tetigit,
945 2716 1072 2784 syllabam
1084 2718 1271 2784 suppeditantis
1289 2724 1317 2768 et
1332 2720 1488 2784 comparatio

356 2787 404 2837 boe
422 2803 471 2836 non
489 2787 572 2837 minus
585 2795 686 2852 gratum
699 2788 750 2838 erit
761 2787 901 2838 Penatibus
945 2787 1082 2836 uerborum
1093 2785 1144 2837 ΑΡ.
1159 2787 1224 2837 395:
1245 2793 1274 2837 et
1283 2803 1364 2852 precs
1379 2787 1485 2838 blanda.

356 2856 532 2906 irascentibus
545 2855 690 2920 (auersis),
713 2856 822 2922 quamsi
835 2871 901 2906 sum·
997 2853 1089 2905 Forma
1101 2855 1220 2906 mollibit
1233 2872 1265 2906 ex
1274 2864 1363 2907 miore
1372 2871 1487 2907 sermone

355 2933 473 2991 ptuosam
492 2925 601 2974 bostiam
619 2941 676 2974 cum
694 2925 761 2974 mola
781 2926 851 2975 salsa
863 2925 901 2976 bis
945 2923 1027 2974 ascita
1040 2931 1090 2987 est,
1111 2925 1183 2974 cuius
1196 2924 1293 2975 oiicnsa
1305 2926 1348 2974 nel
1360 2924 1487 2990 ignoratio

357 2993 493 3044 obtuleris.
514 2993 577 3043 Cum
596 2995 621 3044 ia
640 2993 764 3060 principio
781 2994 901 3044 carminis
943 2993 1042 3058 peperit
1066 2993 1206 3043 diuersam·
1221 2995 1374 3060 scripturam
1397 2993 1488 3045 moili-

355 3061 467 3112 Laribns
495 3061 551 3112 sine
579 3061 717 3112 Penatibus
746 3063 902 3128 postulasset
943 3065 997 3112 uit.

356 3138 408 3195 tus,
423 3133 532 3181 bornam
545 3131 657 3196 frugem,
672 3131 775 3184 auidam
788 3147 898 3196 porcam,
996 3131 1039 3180 20.
1051 3131 1138 3196 surra
1153 3134 1203 3198 pio
1223 3136 1251 3180 ct
1269 3130 1382 3196 saliente
1399 3133 1486 3180 mica:

357 3215 404 3265 quo
422 3215 531 3250 messem
552 3201 591 3249 illi
613 3207 809 3266 prosperarent,
835 3216 901 3252 aune
945 3197 985 3249 iar
996 3199 1064 3264 pium
1077 3208 1194 3263 uocatur,
1216 3199 1282 3264 quod
1294 3200 1319 3248 in
1333 3199 1488 3249 sacriflcioa

358 3269 389 3318 ad
401 3269 552 3336 placandam
566 3270 630 3318 iram
650 3285 736 3318 eorum
757 3269 826 3319 solas
844 3285 902 3335 pce·
943 3269 986 3334 pia
998 3283 1074 3319 mauu
1086 3269 1239 3331 adbibetnr3
1259 3269 1435 3334 salienslmica
1448 3276 1488 3318 est

357 3353 399 3388 ces
412 3345 439 3388 et
456 3337 628 3387 reuerentiam
642 3337 765 3406 Phidylaa
787 3337 901 3388 sufficere
944 3353 1051 3402 granum
1065 3339 1127 3388 salis
1139 3339 1165 3389 in
1178 3339 1245 3389 molit
1265 3338 1349 3399 salsa,
1372 3338 1437 3403 quod
1451 3339 1488 3386 ln-

357 3406 501 3472 profitetur.
522 3405 643 3456 inmerito
664 3408 726 3457 baec
743 3407 902 3472 stropbasu-
943 3405 1089 3461 ieetumin
1111 3407 1193 3472 iguem
1220 3406 1388 3457 sacrificalem
1416 3407 1486 3456 salit.

357 3489 519 3540 peruacanea
548 3475 695 3540 nonnullis,
726 3475 811 3541 spuria
842 3475 912 3524 aliis'
945 3473 993 3524 Est
1005 3475 1087 3525 molae
1106 3477 1191 3527 salsae
1210 3475 1364 3540 significatio
1383 3490 1443 3524 rara
1462 3481 1489 3524 et

357 3545 415 3593 nisa
428 3551 478 3594 est.
945 3557 1041 3592 summo
1059 3552 1133 3608 poela
1152 3545 1238 3608 (ligna.
1260 3542 1375 3592 Ablatini
1394 3558 1441 3592 non
1456 3558 1488 3592 ex

410 3613 451 3662 lt.
480 3615 615 3663 inmunis.-
640 3627 704 3676 quae
725 3627 830 3662 munera
852 3627 901 3661 nou
944 3626 1007 3659 uoce
1021 3611 1149 3661 blandior
1160 3613 1286 3676 pendent,
1307 3611 1350 3660 sed
1365 3611 1429 3659 idem
1443 3625 1486 3658 ua-

358 3679 450 3748 offcrt3
468 3681 502 3730 ci.
519 3679 564 3731 llll
584 3681 614 3730 12
636 3681 685 3743 23,
705 3679 787 3747 apti
808 3681 837 3730 14
858 3680 899 3729 33.
943 3678 998 3727 lent
1021 3694 1052 3727 ac
1076 3679 1098 3728 si
1123 3695 1182 3728 cum
1206 3680 1378 3743 praepositum
1406 3685 1485 3727 esset.

359 3747 477 3799 Ceterum
496 3765 545 3799 non
561 3750 592 3800 de
605 3763 760 3814 quacumque
773 3764 848 3798 manu
863 3748 902 3797 in·
945 3745 1069 3796 Fortasse
1089 3747 1205 3795 imitatus
1225 3753 1266 3796 est
1284 3744 1401 3794 Tibullus
1421 3745 1453 3794 lll
1471 3746 1486 3795 l

358 3819 425 3867 muni
444 3819 573 3883 loquitur,
594 3819 638 3868 sed
658 3819 688 3868 de
706 3819 764 3884 piae
777 3817 900 3884 Phidylae
946 3815 995 3864 to:
1010 3817 1100 3864 omina
1112 3818 1200 3863 noctis
1211 3816 1297 3879 farra
1311 3817 1360 3878 pio
1372 3814 1485 3877 placant

244 3920 251 3942 s
358 3901 441 3949 manu,
456 3888 497 3936 cui
510 3901 646 3952 pronomen
660 3889 734 3952 (tna)
747 3894 805 3952 post
820 3892 846 3936 te
858 3885 901 3934 de·
944 3889 974 3934 et
989 3883 1105 3932 saliente
1122 3883 1189 3932 suls.
1217 3880 1292 3932 Cani.
1305 3881 1403 3944 Vergil.
1421 3881 1485 3931 Aen.

359 3969 414 4004 esse
428 3955 511 4006 licuit.
531 3959 614 4005 Acron
633 3963 659 4005 et
671 3955 828 4022 Porphyrion
848 3969 901 4004 ma·
944 3951 966 4002 V
983 3952 1048 4001 nlo:
1067 3950 1152 4015 sorra
1169 3955 1216 4017 pio
1230 3957 1257 4000 et
1275 3951 1355 4016 pieac
1369 3951 1486 4017 supploso

360 4037 415 4072 num
434 4023 540 4074 sceleris
565 4025 693 4076 inmunem
717 4024 832 4086 cogitant
856 4023 901 4072 aci·
944 4025 1094 4071 ueneratur
1103 4036 1208 4070 acerra.
1224 4019 1363 4070 Gonuerte:
1377 4036 1407 4071 so
1417 4021 1488 4070 mirri

359 4099 477 4142 uersante
495 4108 543 4143 usu
562 4093 664 4157 linguae
677 4092 785 4142 Latinae
804 4098 830 4143 et
842 4107 901 4142 con·
944 4093 982 4140 sia
1004 4090 1083 4138 aicit
1096 4089 1290 4154 sreundlicber
1310 4089 1393 4139 decret
1414 4088 1488 4139 keist-

360 4161 492 4211 auetutliue
505 4161 655 4212 Horatiana.
945 4161 1022 4209 bures
1031 4158 1116 4223 Opser
1125 4158 1226 4208 silbam
1236 4157 1486 4222 uagaridrgcburen

410 4229 452 4280 18.
489 4246 544 4281 nore
578 4235 740 4295 sumptuosa
773 4227 901 4278 blandior
943 4229 1132 4292 milbeiir'gsm
1146 4227 1220 4276 Meti
1238 4225 1294 4276 rand
1311 4227 1488 4292 springendcr

360 4297 464 4349 bostis:
495 4313 597 4350 manum
629 4299 798 4350 blandiorem
821 4297 900 4362 ipsius
943 4295 1055 4346 lirume.

427 4679 531 4723 lloraliua
541 4679 575 4724 ed.
585 4681 660 4724 liitter.
676 4679 692 4722 l.
