3884 5525
447 594 510 685 4‘24
942 612 1080 667 sonarn

448 804 482 853 es
609 787 776 851 iucundior
790 800 884 863 quam
897 784 980 847 lecta
995 784 1033 845 65
1047 782 1264 861 pinguissimis

656 899 741 960 oliua
756 898 853 959 mmis
868 896 1027 971 arborum,

613 1056 670 1116 aut
684 1031 779 1114 herla
788 1050 911 1127 ‚lapami
925 1052 1016 1125 prata
1031 1047 1164 1109 amantis
1181 1050 1213 1109 et
1227 1048 1319 1125 graui

656 1163 779 1226 maluae
793 1162 937 1224 salubres
952 1160 1088 1237 corpori,

613 1317 665 1379 uel
681 1330 763 1393 agna
778 1316 870 1377 lestis
885 1329 978 1376 caesa
993 1312 1236 1391 Terminalibus,

435 1442 482 1508 ,eo
654 1428 707 1491 uel
722 1428 840 1490 haedus
855 1429 982 1502 ereptus
997 1425 1082 1501 lupo.

612 1583 670 1645 lias
684 1574 771 1643 inier'
782 1581 891 1657 epulas
905 1584 941 1642 ut
954 1580 1046 1641 iuuat
1060 1580 1166 1655 pastas
1182 1590 1259 1641 euos

656 1693 763 1755 uiuere
778 1695 982 1769 properantes
998 1691 1133 1765 domum,

448 2020 478 2071 ⁶¹
517 1949 800 2070 55.lloe;ndiorBHS,
814 1965 868 2002 nen
877 1965 908 2016 g.
1013 1948 1056 2000 57.
1077 1946 1145 1999 liant
1157 1947 1189 1999 B.
1293 1948 1337 2001 60.
1357 1948 1437 2000 556115
1449 1946 1543 2014 BHSg.

484 2034 601 2086 ‚ppeas
639 2053 648 2070 .

448 2329 625 2377 eniatimetus
638 2328 712 2377 inter
723 2342 804 2378 raras
816 2342 893 2380 ones.
918 2328 990 2379 Aelia
1085 2326 1197 2378 61-66.
1211 2324 1310 2393 Epulas
1320 2324 1432 2375 rusticae
1445 2325 1576 2388 gratiores

446 2394 574 2447 Martialis
585 2394 646 2446 xlii
660 2397 690 2447 61
702 2418 709 2445 r
723 2400 798 2449 inter·
810 2398 991 2465 5555555151·-
1032 2396 1097 2447 6551
1114 2403 1220 2463 aspectu
1240 2395 1341 2463 peeoris
1356 2411 1389 2445 ex
1401 2394 1504 2460 pascuis
1518 2393 1576 2443 556-

448 2471 497 2516 tnr
508 2465 606 2515 alitum
614 2466 883 2530 primnaienieernm
890 2473 990 2532 gnatus
1032 2465 1132 2527 euntis,
1154 2472 1323 2515 armentorum
1342 2479 1375 2514 ex
1394 2478 1455 2527 agro
1468 2463 1576 2513 uenien-

447 2538 652 2598 attegenornm.
670 2533 756 2599 Magni
773 2536 850 2600 pretii
863 2550 938 2586 anem
951 2544 990 2586 to-
1031 2534 1104 2597 tium,
1119 2548 1255 2583 aerearum
1268 2533 1294 2583 in
1308 2533 1377 2584 atrio
1388 2533 1483 2583 circum
1493 2530 1575 2582 Lares

446 2610 498 2654 tam
511 2603 543 2652 ab
555 2618 605 2652 nno
616 2603 989 2656 homineienorariuixlieere
1032 2603 1222 2654 accubantium.
1568 2646 1572 2663 ,

447 2671 575 2736 signiiicat
605 2672 692 2721 uerbis
714 2688 768 2724 nen
793 2673 938 2725 descendet
960 2678 989 2724 in
1083 2672 1126 2723 61.
1138 2670 1574 2737 prosterneres:qnodeuespostae

446 2746 566 2792 1115115551
580 2742 882 2795 meum-inmanior.
1031 2747 1058 2792 et
1081 2740 1192 2792 satiatae
1222 2746 1296 2805 sunt,
1323 2739 1423 2790 domino
1453 2739 1573 2804 gaudiam

498 2811 541 2862 55.
564 2825 645 2876 qnam
663 2811 749 2861 laeta:
768 2813 863 2862 mensis
882 2812 988 2863 urbanis
1031 2818 1118 2875 anget.

446 2879 550 2946 opponit
574 2879 703 2944 simplices
724 2887 750 2930 51
774 2881 891 2931 salubres
915 2881 988 2932 cibes
1082 2879 1125 2930 63.
1150 2893 1287 2930 tremerem
1306 2881 1463 2928 increratam:
1488 2877 1574 2926 inuer-

446 2948 490 3013 qai
502 2946 557 2998 rari
569 2947 688 2998 einatnr.
715 2946 793 2999 Olina
807 2950 918 3000 1551565
933 2950 987 3016 pin·
1031 2962 1086 2997 snm
1106 2953 1133 2997 51
1152 2947 1281 2998 enrricula
1303 2946 1448 3011 impositum
1470 2945 1503 2995 ad
1526 2945 1575 2996 nil-

445 3015 575 3080 guissimis
595 3017 672 3066 minis
690 3017 723 3066 ad
740 3017 833 3068 iustam
853 3019 989 3069 155155115-
1029 3015 1079 3066 1515
1093 3016 1198 3066 15511551
1211 3016 1303 3066 boues:
1325 3030 1381 3066 nam
1401 3022 1574 3064 ueterumuo-

445 3093 496 3135 tem
511 3085 639 3150 peruenit.
659 3083 791 3135 Oliuarnm
809 3087 936 3152 pinguedo
955 3087 988 3136 ad
1029 3099 1113 3134 meres
1127 3091 1196 3134 rotas
1209 3085 1355 3150 plerumque
1368 3099 1415 3133 non
1434 3083 1571 3134 habebant.

445 3168 530 3204 rames
541 3153 670 3202 translata
681 3159 731 3202 est.
1082 3154 1125 3202 64.
1153 3154 1275 3202 55115-
1294 3153 1440 3217 languide.-
1467 3153 1574 3215 languet

497 3222 541 3270 57.
579 3220 663 3269 neta
693 3221 820 3285 lapathi:
856 3221 987 3285 lapathum
1029 3220 1472 3286 collumpostiiuturnumlaborem.
1487 3219 1573 3270 liliam

444 3284 987 3350 (6555555515)85555555555515511551
1029 3289 1109 3340 bones
1128 3289 1208 3338 officie
1227 3305 1274 3339 sno
1295 3289 1375 3341 iuneti
1393 3297 1452 3340 51151
1465 3289 1572 3340 incom-

444 3355 526 3406 Serm.
538 3353 559 3404 11
569 3354 585 3403 4
595 3355 627 3404 27
638 3354 777 3404 recensuit.
786 3354 880 3405 Latine
889 3371 988 3407 remen
1029 3358 1129 3408 medem
1142 3359 1307 3424 possessoris.

444 3423 525 3485 audit,
540 3422 585 3473 556
599 3422 637 3472 sie
649 3422 796 3488 pleramque
807 3425 935 3474 siluestre
947 3426 987 3475 le·
1081 3427 1125 3476 65.
1145 3431 1305 3492 pariterque
1322 3443 1438 3478 nornen:
1458 3427 1489 3477 65
1510 3441 1572 3476 aaa·

440 3494 559 3559 petitam
576 3491 713 3542 necabant.
739 3491 781 3543 ui.
797 3491 863 3543 Plin.
882 3493 935 3544 XX
952 3495 985 3545 85
1029 3501 1119 3561 poeste
1131 3495 1205 3560 primi
1217 3496 1290 3561 petiis
1303 3495 1338 3546 ei.
1352 3496 1384 3546 56
1397 3512 1422 3545 n.
1436 3496 1477 3546 35.
1492 3494 1572 3546 Positi

443 3559 513 3627 (21).
1029 3571 1089 3614 5551
1101 3564 1171 3614 515511
1185 3563 1268 3614 iocum
1287 3564 1345 3614 cibo
1363 3572 1506 3614 nascentes.
1528 3563 1570 3614 Cf.

496 3630 567 3680 57-
579 3629 623 3680 58.
641 3633 728 3695 grani
744 3630 853 3680 melnae
864 3630 986 3681 cerneres
1029 3631 1128 3682 Colum.
1142 3631 1180 3682 xi
1196 3633 1207 3681 1
1224 3633 1271 3683 io:
1291 3639 1501 3699 consecrarique
1518 3632 1572 3698 (ui-

444 3703 569 3819 leegplroffl:
595 3698 685 3818 'alnum
708 3699 844 3826 ”immin
869 3699 985 3817 lselaunt.
1019 3700 1105 3835 tfferre)
1124 3704 1243 3835 rastiseer
1259 3704 1336 3820 Ιἳ1555
1349 3701 1448 3752 Larem
1468 3701 1573 3752 demini

569 3784 576 3818 a
606 3783 668 3818 enea
686 3783 731 3818 ma
746 3784 811 3831 nne,
847 3803 854 3818 .
881 3784 985 3833 .grane
1042 3785 1172 3835 ecumque
1207 3785 1360 3832 enarrarem
1382 3785 1486 3835 semper
1506 3786 1520 3819 e
1539 3787 1571 3820 n-

443 3835 500 3887 5155
512 3837 647 3888 astrictum
659 3847 752 3902 eorpus
765 3837 919 3887 alienantes.
1028 3838 1083 3888 leri
1089 3856 1099 3900 ,-
1111 3865 1147 3874 -
1164 3853 1212 3887 nee
1223 3841 1278 3888 nisi
1286 3842 1374 3889 coeris
1387 3839 1479 3889 diebus
1492 3787 1570 3890 wizu-

495 3905 539 3956 59.
556 3906 645 3971 seriis
665 3920 745 3955 caere
769 3905 983 3957 Terminalibus:
1029 3905 1341 3958 555555551.8111551111
1357 3908 1420 3958 ite:
1436 3911 1492 3958 ritu
1499 3923 1570 3974 pen-

442 3973 490 4023 lree
519 3972 612 4023 instem
639 3973 745 4023 rusticis
766 3981 896 4037 sanctum,
918 3974 985 4038 qued
1023 3977 1469 4042 parianenienisseroamensea.

442 4038 575 4093 Terminus
599 4041 713 4106 priuatos
737 4056 813 4106 agree
837 4048 864 4091 et
887 4042 986 4092 firmam
1028 4043 1094 4093 ditis
1113 4059 1228 4094 enemen
1246 4045 1356 4096 demna:
1374 4052 1403 4095 ut
1420 4060 1481 4110 apes
1501 4044 1571 4094 eirca

441 4109 629 4176 possessionem
641 4110 697 4171 agri
710 4110 781 4160 dedit
792 4117 819 4160 et
827 4116 922 4159 tuetur.
937 4109 986 4159 Ce-
1027 4111 1152 4175 reginam,
1162 4112 1199 4163 sie
1209 4113 1279 4163 serui
1290 4113 1361 4164 eirea
1374 4113 1501 4164 dominum
1512 4129 1571 4163 cen-

442 4177 577 4227 lebrantnr
595 4174 752 4228 Terminalia
772 4178 878 4243 septime
896 4178 985 4226 15155-
1027 4188 1175 4244 gregantur.

441 4245 488 4295 655
507 4243 625 4295 Martias.
653 4243 762 4297 Ouidius
775 4245 847 4297 Fast.
864 4245 885 4296 ll
899 4246 985 4296 639-
1078 4249 1122 4300 66.
1142 4253 1244 4300 cirrum
1257 4249 1408 4301 renidentes
1421 4251 1525 4303 Lares.-
1543 4250 1568 4300 in

441 4313 502 4365 684.
521 4311 586 4363 Tam
599 4328 676 4364 earne
695 4315 766 4365 nesci
779 4314 898 4378 agricolis
911 4314 983 4380 lieet,
1025 4317 1109 4367 medie
1122 4319 1189 4368 atrio
1203 4317 1291 4380 leons,
1309 4319 1380 4369 eirca
1399 4321 1465 4370 hune
1476 4319 1568 4383 Lares,

441 4397 491 4450 qua
505 4381 580 4432 simul
590 4380 737 4433 Terminem
750 4389 915 4433 uenerantur.
1025 4384 1095 4436 cirea
1113 4387 1159 4436 hes
1177 4386 1256 4438 serui.
1276 4385 1328 4437 Cur
1345 4385 1426 4439 Lares
1446 4389 1571 4439 renidere

492 4451 534 4501 66.
553 4451 656 4501 haedus
673 4456 782 4517 ereptus
795 4451 876 4516 lopo:
897 4451 982 4514 cogita
1025 4451 1156 4504 dieemesl
1191 4454 1297 4506 Scilicet
1323 4456 1395 4507 elara
1419 4459 1518 4508 flamma
1543 4457 1568 4506 in

440 4519 548 4568 laedam
567 4534 583 4569 a
600 4519 659 4585 lupo
674 4519 725 4569 iam
737 4519 849 4569 occisam
862 4518 981 4584 ideoque,
1025 4520 1082 4572 loeo
1100 4521 1201 4574 lucente
1221 4524 1365 4590 splendent.
1392 4525 1506 4577 Orellies
1525 4540 1570 4575 ex·

440 4601 472 4634 ne
484 4595 582 4651 pereat,
594 4587 728 4652 56556551,
739 4600 889 4651 quamquam
900 4587 982 4640 iestns
1023 4590 1115 4654 plicuit
1129 4585 1183 4656 ‘qni
1196 4592 1260 4643 tersi
1273 4600 1332 4644 sunt
1345 4602 1371 4645 51
1382 4589 1476 4661 peliti',
1496 4609 1570 4644 secu·

439 4652 495 4703 dies
507 4670 556 4704 nen
571 4656 666 4720 agitem.
1023 4665 1065 4708 tns
1077 4657 1195 4710 Vossium
1207 4661 1250 4726 qni
1264 4661 1344 4714 uertit
1356 4664 1566 4731 reingebelinta:
