3884 5525
238 1681 255 1777 i

752 605 931 660 cunutuvtl
950 607 972 659 ii
995 609 1036 660 10.

876 946 916 1005 Χ.

541 1109 672 1173 Rectius
688 1113 791 1188 uiues,
808 1109 925 1189 Licini,
943 1127 1044 1188 neque
1059 1113 1158 1174 ultum

542 1236 666 1298 semper
679 1223 821 1298 urgento
835 1238 947 1300 neque,
966 1225 1040 1285 tuni
1056 1224 1208 1300 procellos

540 1336 652 1394 cautus
666 1332 836 1410 horrescis,
854 1335 982 1398 nimium
999 1335 1166 1412 premendo

444 1521 447 1526 ¹
539 1443 617 1504 litus
632 1444 785 1520 iniquum.
854 1525 857 1531 ι
1130 1441 1135 1450 ’

400 1592 527 1644 Lieininm
548 1597 688 1662 alloquitur
709 1615 740 1649 ne
764 1613 864 1664 semper
884 1613 976 1662 magne
997 1605 1104 1664 temptet
1123 1598 1155 1648 A.
1275 1597 1457 1648 Adnotatum

332 1659 460 1712 Murenam
480 1664 599 1729 optimum
620 1682 677 1717 esse
697 1669 807 1718 medium
826 1674 920 1716 stolum
933 1668 977 1731 B,
1002 1671 1068 1717 item
1089 1667 1114 1718 H
1129 1671 1185 1718 uisi
1200 1667 1273 1732 quod
1289 1667 1371 1718 iulet
1389 1667 1458 1716 uitae

337 1737 584 1853 sosannim&
597 1805 616 1853 ἱ.
626 1820 648 1852 o.
704 1805 783 1870 iyeioi
793 1805 826 1860 H.
915 1805 941 1854 2.
961 1805 1091 1870 urguendo
1102 1805 1252 1868 Blandinii,
1267 1820 1320 1856 nou
1329 1803 1454 1869 ABGHg.

382 1970 466 2022 Carni.
478 1971 516 2022 X.
540 1972 711 2024 Prooemium.
739 1975 869 2038 Auream,
915 1974 952 2038 (a.
975 1973 1046 2040 731).
1089 1973 1227 2024 Suetonius
1251 1972 1355 2024 Tiberio
1380 1989 1403 2024 e.
1424 1974 1455 2023 8:

333 2059 422 2124 hirini,
435 2064 780 2126 sequeremedioeritutem.
798 2064 870 2127 Non,
915 2043 1037 2093 milium
1061 2043 1395 2127 ⁰ffi⁰¹¹⁰r¹¹msudim⁶nii⁴
1418 2043 1456 2106 (in

914 2113 1063 2176 quaestura)
1081 2139 1116 2148 —
1134 2113 1269 2162 Fannurm
1285 2113 1455 2177 Coepsouern,

915 2184 963 2246 qui
981 2197 1040 2230 eum
1054 2179 1176 2231 Varrone
1188 2181 1301 2230 Murena
1321 2185 1348 2230 iu
1361 2181 1457 2246 Augu-

333 2241 378 2290 tiis
390 2244 418 2290 iu
431 2244 512 2292 relus
524 2247 616 2293 animo
629 2250 764 2309 opusest:
778 2259 872 2293 seeun-
913 2255 986 2298 stum
1001 2253 1217 2312 conspirauerat,
1240 2264 1314 2298 reum
1327 2253 1457 2298 maiesta-

331 2329 369 2378 ‹iis
380 2331 491 2381 modum
503 2333 650 2383 adhibetis,
672 2331 794 2398 (Metram
807 2333 872 2399 sap.
914 2321 951 2367 tis
964 2317 1038 2382 opud
1057 2317 1158 2366 iudices
1170 2317 1245 2396 feeit
1258 2323 1287 2397 et
1298 2317 1456 2397 condorusto-

913 2390 966 2435 uit.
996 2383 1166 2448 Quaesturam
1187 2385 1309 2434 Tiberius
1328 2392 1409 2448 gessit
1429 2400 1453 2434 a.

332 2420 442 2485 iiim)
913 2452 1155 2516 imminutum.
1171 2452 1284 2502 verrens
1295 2453 1316 2502 u
1328 2454 1385 2516 oo).
1406 2451 1454 2500 oro

377 2516 459 2567 Paulo
480 2526 539 2568 unte
558 2534 650 2569 annum
669 2521 741 2570 urbis
761 2521 807 2570 731
830 2523 867 2584 (u.
912 2521 1018 2570 Cassius
1032 2520 1111 2584 (Lllll
1125 2521 1152 2585 3)
1172 2528 1278 2568 mortem
1292 2519 1412 2570 Murenae
1430 2521 1454 2570 in

331 2583 386 2634 Cir.
402 2587 463 2650 23),
486 2603 534 2652 quo
553 2587 670 2638 Licinius
688 2591 776 2639 eonsnl
795 2605 870 2639 ueeu-
912 2591 980 2639 ontis
1000 2589 1059 2638 unni
1073 2589 1123 2638 732
1137 2589 1268 2638 narrauit:
1290 2589 1390 2638 scilieet
1410 2590 1455 2638 ob-

330 2662 396 2704 sutus
409 2662 437 2705 et
449 2656 602 2706 interiectus
615 2665 664 2720 est,
686 2674 740 2707 cum
755 2659 805 2707 inm
818 2659 870 2708 ini·
911 2659 961 2708 iter
975 2673 1027 2707 rem
1047 2659 1198 2707 memorauit
1217 2657 1324 2721 ideoque
1345 2673 1393 2706 non
1407 2673 1453 2708 suo

329 2725 366 2789 qui
376 2739 493 2775 rumores
503 2725 534 2774 de
544 2726 621 2776 nimie
630 2726 751 2777 libertate
759 2728 869 2777 hominis
912 2727 958 2777 sub
973 2741 1038 2777 anno
1052 2727 1198 2777 oolloosuit.

329 2794 567 2857 circumferrentur,
596 2797 643 2845 too
665 2811 753 2861 poema
774 2796 868 2846 inetnm
962 2796 1076 2845 Eundem
1094 2794 1224 2846 Murenam
1245 2795 1365 2845 Horatius
1388 2796 1454 2845 ceie-

329 2869 373 2911 est.
405 2861 471 2912 Nem
496 2865 640 2929 attemptuti
665 2872 748 2914 status
772 2872 868 2914 eertum
912 2865 998 2913 brunit
1019 2864 1051 2914 lli
1068 2864 1155 2914 1911.
1181 2865 1220 2915 Ad
1240 2865 1297 2914 sius
1314 2865 1453 2914 amicitiam

328 2931 793 2996 iodiciumuerbneontinent(n‚17):
805 2949 866 2992 non,
911 2948 968 2983 euru
986 2930 1092 2983 Morene
1115 2934 1253 2983 exereitum
1274 2940 1343 2982 reete
1364 2934 1454 2983 existi-

327 3000 528 3063 simulenuoe,
550 3006 578 3050 et
595 3002 658 3051 olim
672 3005 713 3050 sie
725 3006 786 3051 orit.
813 3000 868 3067 ipse
911 3002 1028 3051 mnndum
1042 3004 1147 3051 muitum
1160 3002 1247 3051 unlent
1259 3001 1339 3052 uerbo
1352 3001 1462 3051 Veiiei:.

328 3066 442 3118 Licinius
452 3067 559 3118 Murena
571 3069 639 3119 iilius
652 3069 702 3120 suit
714 3071 769 3120 eius
781 3068 869 3119 Mure·
911 3086 973 3120 nom
987 3070 1102 3121 Murena
1120 3074 1176 3120 siue
1195 3072 1245 3120 hoe
1257 3071 1388 3135 saoiuore
1403 3087 1454 3136 po-

328 3152 370 3187 nae
384 3153 458 3202 quem
473 3136 563 3187 Cieero
577 3138 708 3200 defendit,
731 3139 868 3204 ndoptutus
912 3143 966 3189 tuit
981 3139 1072 3189 uideri
1085 3140 1177 3200 bonus,
1189 3140 1253 3204 quod
1265 3138 1452 3204 ipsiusTiberii

327 3203 474 3255 aTerentio
488 3204 603 3255 Varrone
616 3207 725 3272 ideoque
745 3208 772 3257 in
792 3207 868 3257 iustis
911 3209 942 3257 de
956 3207 1060 3257 inimico
1073 3208 1195 3257 iudicium
1209 3208 1312 3258 uidetur
1323 3224 1390 3271 esse,
1401 3215 1452 3257 tum

326 3274 478 3339 Capitolinis
509 3275 557 3324 looe
581 3276 680 3325 nomine
713 3274 868 3338 (Terentius
911 3276 974 3327 haee
988 3276 1078 3327 Dionis
1091 3276 1174 3341 (Lilii
1188 3277 1293 3339 3):sut
1305 3288 1386 3343 σφισι
1399 3277 1452 3341 (qui

326 3341 424 3404 Varro)
445 3342 544 3406 ‹lii-tus,
572 3343 654 3393 irater
674 3342 721 3393 Gni
739 3344 866 3406 Promisi,
911 3345 937 3393 in
956 3344 1098 3407 Augustum
1122 3346 1346 3411 conspirauerunt)
1371 3340 1452 3395 καὶὸ

326 3412 385 3461 item
396 3410 535 3461 Terentiae
548 3410 690 3462 Maecenati
706 3413 867 3462 matrimonio
911 3406 1066 3477 Μουρήνας
1102 3415 1346 3481 συνομωμοκέναι,
1385 3409 1450 3463 εἴθ’

326 3480 437 3529 innetne.
453 3478 597 3530 Consulatu
606 3481 663 3529 dum
675 3480 798 3544 iungitur,
807 3496 868 3530 eon·
910 3472 970 3530 οὖν
987 3476 1108 3545 ἅληθῶ
1115 3499 1141 3541 ς,
1156 3484 1189 3531 εἴ
1194 3487 1233 3533 ue
1251 3483 1310 3532 καὶ
1327 3481 1359 3533 ἐκ
1377 3480 1395 3530 δ
1402 3499 1452 3530 ια-

326 3549 462 3598 iuretionis
481 3564 537 3597 enm
556 3548 653 3599 Fannio
674 3550 801 3614 Caepione
822 3550 868 3599 uti·
908 3544 1020 3613 βολῆς,
1039 3546 1148 3615 ἐλέχθη.
1174 3550 1238 3599 Hinc
1251 3550 1356 3615 suspitio
1370 3551 1453 3599 oritur

325 3632 414 3665 uersus
431 3618 574 3681 Augustum
594 3618 674 3667 initae
695 3624 865 3667 ueeusuturn
909 3616 1041 3667 Murenam
1061 3616 1160 3667 Tiberii
1182 3618 1331 3668 criminibus
1356 3617 1452 3667 lobeio-

326 3684 429 3735 Tiberio
448 3682 548 3735 Nerone
565 3692 626 3735 tune
645 3693 790 3751 quaestore.
816 3685 868 3736 Ait·
909 3693 976 3735 etum
989 3700 1056 3735 esse.
1077 3685 1195 3735 Ceterum
1203 3686 1303 3735 Horutii
1314 3685 1451 3735 admonitio

325 3769 381 3803 sens
394 3754 538 3816 damnatus,
550 3755 607 3803 dein
618 3756 718 3804 occisus
731 3763 781 3804 est.
803 3744 866 3803 iiine
909 3762 960 3804 tum
975 3754 1104 3818 supienter
1117 3760 1258 3819 temperata
1271 3761 1321 3815 est,
1343 3761 1393 3802 tem
1406 3754 1451 3801 hu·

326 3822 447 3872 iniustis
469 3822 578 3885 legitur:
605 3822 637 3873 iil
659 3821 740 3873 MAG.
761 3820 865 3873 uoltu.
908 3822 1052 3872 moneuiro
1070 3829 1245 3885 purumonuto
1265 3821 1403 3887 impertite,
1423 3828 1452 3871 ut

325 3889 390 3954 Lege
403 3889 487 3940 Vellei
503 3890 523 3940 ii
535 3891 584 3940 912
601 3892 700 3942 Lueius
712 3892 826 3941 Murena
840 3896 868 3941 et
909 3892 973 3940 haee
991 3904 1038 3939 suu
1057 3898 1193 3955 praecepto
1211 3890 1288 3939 eliam
1308 3904 1383 3939 oneso
1397 3888 1452 3940 Mu-

332 2153 356 2198 si
364 2151 434 2199 male
446 2167 530 2216 nune,
552 2159 579 2203 et
591 2155 654 2204 olim
672 2158 712 2203 sie
725 2158 786 2203 erit.
813 2155 871 2203 Du-

241 3939 253 4022 ,’
324 3958 445 4009 Fannius
466 3959 585 4025 Caepio,
609 3961 727 4011 diuersis
745 3961 866 4009 moribus
909 3974 971 4009 renu
990 3959 1045 4009 sine
1066 3958 1206 4008 offensione
1225 3959 1346 4022 euuigore
1365 3966 1452 4023 posset

324 4029 397 4089 (nom
410 4027 526 4078 Murena
537 4032 597 4077 sino
609 4030 659 4078 hoe
669 4029 803 4093 sueinoro
816 4044 867 4093 po·
908 4044 938 4077 ue
956 4028 1071 4092 recipere
1090 4028 1114 4076 in
1135 4035 1189 4078 tues
1208 4026 1352 4077 Curminum
1371 4028 1451 4077 libros

324 4099 377 4145 tuit
388 4096 480 4146 uideri
491 4098 584 4161 bonus,
597 4096 696 4163 Caepio
709 4103 736 4147 et
745 4103 807 4146 ante
817 4097 866 4146 hoe
909 4096 956 4146 snio
969 4096 1043 4145 linem
1056 4097 1116 4145 unni
1130 4096 1178 4146 735
1193 4096 1284 4146 editos.

324 4170 385 4214 erat
398 4164 546 4230 pessimus)
555 4203 563 4228 ,
586 4181 645 4215 euru
665 4168 780 4215 inissent
798 4168 867 4215 oeci-
963 4165 987 4214 i.
1007 4167 1111 4215 rectius
1124 4168 1217 4215 uiues:
1238 4165 1284 4214 hoc
1298 4164 1401 4215 breuius
1412 4164 1451 4217 di·

323 4232 403 4282 deudt'
427 4235 556 4284 Caesaris
586 4235 713 4296 consilia,
746 4236 868 4301 oppressi
908 4240 975 4282 etum
989 4239 1014 4282 et
1027 4232 1132 4297 antiquo
1146 4234 1318 4299 simplicitate,
1330 4240 1358 4283 ut
1369 4233 1450 4281 ornnis

323 4306 492 4353 auctoritate
502 4302 625 4368 publico,
645 4302 720 4367 quod
731 4303 865 4367 uisoeere
908 4308 1014 4351 ornatus
1028 4302 1167 4365 allegoriae
1185 4303 1315 4369 proximae
1335 4300 1452 4351 reserue-

322 4370 480 4433 uoluerant,
502 4374 562 4420 iure
570 4374 651 4435 possi
661 4377 735 4421 sunt.
763 4369 865 4422 idemil
907 4377 959 4434 tur,
969 4384 1035 4434 quse
1046 4370 1128 4419 uirum
1140 4372 1225 4420 medin
1235 4376 1375 4420 sectantem
1388 4376 1450 4417 tum·

324 4436 370 4487 93:
406 4443 481 4489 eirea
512 4439 642 4489 Mser-onae
668 4439 865 4504 ‚Caepionisque
908 4453 981 4504 quum
994 4438 1143 4504 prudentem
1157 4448 1258 4489 neutum
1271 4437 1393 4502 ostendit.

323 4510 520 4581 coniurationis
528 4508 784 4574 tempus—Murem
792 4507 865 4557 Mar·
959 4506 1037 4555 2-3.
1058 4506 1121 4557 dum
1131 4508 1267 4573 proeellas
1280 4509 1376 4554 cautus
1389 4505 1450 4551 lor·

323 4576 418 4640 eeilus,
453 4580 560 4626 sororis
588 4577 712 4642 Augusti
736 4577 866 4627 Octauiae
906 4578 1008 4624 reseis:
1029 4570 1450 4639 proeellasinultomnriperiou-

315 4644 394 4703 filius
410 4672 445 4682 -
465 4644 581 4695 decessit
595 4644 741 4695 admodum
760 4647 864 4695 iuuenis
907 4643 977 4692 losas
996 4642 1039 4705 qui
1060 4642 1201 4705 horrescit,
1220 4646 1309 4691 cnutus
1327 4645 1380 4687 est:
1404 4637 1449 4687 sed

390 4752 658 4796 nonsummum.
1210 4743 1240 4791 12
