3884 5525
947 617 1084 670 ΗΟΗΑΤΙΙ

661 785 765 850 Ροοοο
780 801 971 864 purpureum
987 789 1141 865 sanguine
1157 789 1303 862 mollibus

662 900 763 975 aptari
779 900 919 970 citharae
933 900 1047 976 modis
1069 991 1073 999 ι

663 1067 721 1112 nec
735 1067 849 1114 saeuos
865 1050 1015 1128 Lapltbas
1032 1057 1063 1113 et
1078 1053 1208 1114 nimium
1224 1067 1310 1113 mero

662 1160 821 1238 Hylaeum
837 1164 1032 1239 domitosque
1048 1161 1203 1224 Herculea
1219 1177 1313 1224 manu

664 1273 788 1334 telluris
804 1274 947 1350 iuuenes,
963 1275 1046 1334 uncle
1061 1251 1234 1348 periculum

663 1384 788 1460 fulgens
805 1379 994 1446 contremuit
1010 1386 1119 1447 domus

664 1533 795 1600 Saturni
811 1539 948 1600 uctcrls=
967 1543 1064 1613 tuque
1080 1537 1275 1613 pedestribus

523 1763 549 1810 4.
578 1767 667 1827 aptare
688 1763 743 1820 Ας.
827 1762 950 1828 cytbarae
973 1761 1028 1811 BG.

453 1829 561 1881 ABGH.
667 1831 692 1878 6.
714 1829 814 1894 byleum
826 1830 885 1892 Au,
907 1831 1007 1880 Hileum
1022 1831 1053 1879 Η.
1125 1828 1260 1892 damnoso,
1274 1827 1363 1878 AB'H:
1384 1828 1491 1878 domitos
1507 1830 1537 1879 G.

454 1899 480 1948 9.
499 1906 577 1964 tuque
588 1926 624 1934 -
641 1899 682 1948 12.
701 1898 814 1948 Seruius
828 1898 866 1948 ad
877 1899 980 1963 Vergil.
997 1898 1093 1963 Gaorg.
1109 1897 1188 1947 1142.

454 2119 617 2171 Numantinis
653 2120 725 2171 uenit
756 2121 787 2170 acl
818 2121 997 2185 Hannibalem,
1041 2129 1131 2172 cantur
1143 2122 1284 2188 Lapithae,
1306 2122 1369 2187 qnod
1389 2133 1468 2169 saeua
1487 2118 1585 2169 ultione

454 2204 526 2254 quem
540 2189 637 2238 dearum
652 2190 778 2253 nominat,
799 2192 863 2254 quod
878 2192 946 2240 nollo
959 2192 998 2240 la·
1040 2192 1168 2255 persecuti
1188 2199 1247 2242 sunt
1267 2188 1427 2242 insolentiam
1446 2188 1586 2238 Centauro·

454 2257 515 2307 bore
530 2257 651 2321 fatigari,
669 2259 740 2308 nulla
752 2259 899 2309 calamitate
913 2259 997 2322 frangi
1041 2275 1113 2322 rum,
1132 2260 1166 2310 cl.
1182 2261 1213 2310 ad
1228 2259 1237 2309 l
1253 2259 1283 2308 18
1298 2261 1322 2309 8.
1342 2279 1344 2281 ¹

453 2327 546 2392 potnit.
561 2326 623 2390 lloc,
639 2343 686 2376 noo
700 2327 798 2390 diram,
814 2335 866 2377 turn
879 2329 903 2377 io
919 2329 997 2378 omni·
1092 2329 1184 2378 5-6.
1209 2332 1323 2378 ninnium
1344 2343 1417 2376 moro
1434 2325 1584 2392 Hylaeum:

455 2397 502 2444 bus
524 2395 605 2444 bonae
627 2403 702 2446 notae
723 2397 856 2445 codicibus
876 2398 998 2446 scribitur
1038 2391 1236 2447 ‘intolerabilem
1250 2390 1395 2446 ebrictate’.
1410 2395 1507 2444 Aenon.
1534 2393 1584 2443 Pro

454 2463 559 2528 (dirum
577 2464 705 2529 Croquios
725 2479 758 2512 cx
777 2480 827 2514 uno
847 2466 911 2515 libro
929 2465 998 2516 blar-
1042 2464 1176 2532 Centapris
1189 2482 1265 2516 unum
1278 2473 1304 2515 ct
1315 2463 1474 2530 praecipuum
1495 2478 1527 2512 ex
1543 2463 1586 2512 bis

452 2533 518 2582 tinio
539 2548 587 2582 oon
606 2533 690 2595 bono,
713 2533 802 2583 dirum
821 2550 848 2583 a.
864 2536 883 2584 t.
898 2535 997 2584 durum
1040 2543 1180 2594 memorat,
1204 2550 1281 2584 causa
1302 2532 1449 2583 certaminis
1471 2531 1587 2582 breuiter

453 2599 580 2650 liircbncr
597 2618 630 2650 ex
647 2602 712 2651 libro
726 2602 844 2651 Leidensi
858 2603 958 2667 attolit)
972 2611 999 2653 et
1042 2604 1166 2667 (nimium
1181 2603 1266 2668 mero)
1281 2601 1433 2666 significatu.

365 2669 372 2682 ⁹
454 2670 486 2720 ab
499 2671 599 2720 Acrone
612 2671 706 2720 lectum
726 2678 782 2734 est,
802 2679 831 2720 ut
850 2673 945 2721 clarum
965 2688 998 2721 ex
1092 2673 1178 2721 6-7,
1198 2672 1366 2734 donritorque
1382 2697 1411 2706 -
1426 2668 1531 2718 telluris
1543 2671 1584 2718 ιά-

454 2738 530 2789 bulus
554 2739 781 2805 interpretatione:
808 2734 927 2804 ‘fortem,
955 2740 997 2805 qui
1041 2755 1137 2790 naues:
1157 2741 1187 2790 de
1208 2756 1235 2790 ra
1253 2739 1473 2807 cl.Apollollorrrs
1494 2736 1502 2786 l
1523 2738 1583 2788 61:

455 2824 552 2858 summa
573 2808 721 2859 difficultate
746 2810 830 2858 uictus
855 2804 912 2859 est'.
944 2809 998 2858 lloc
1042 2812 1098 2865 τοῖς
1120 2807 1151 2859 δὲ
1171 2812 1247 2866 θεοῖς
1267 2802 1361 2875 λόγιον
1382 2798 1416 2871 ἦν
1434 2801 1490 2855 ὑπὸ
1509 2807 1586 2857 θεῶν

456 2878 554 2928 darum
579 2878 698 2927 conuenit
718 2878 841 2943 proximis
863 2879 944 2943 longa
963 2906 998 2914 —
1040 2876 1093 2944 ptr
1123 2876 1231 2946 μηδένα
1261 2879 1317 2928 τῶν
1340 2871 1484 2943 Γιγάντων
1511 2869 1585 2925 ἀπο-

457 2946 527 2996 bella
540 2945 714 3008 Numantiae,
730 2962 760 2995 uc
774 2946 860 2995 durus
870 2945 998 2996 Hannibal
1041 2946 1141 2995 ateana
1153 2941 1308 3005 δύνασθαι,
1329 2946 1541 3013 συμμαχοῦντος
1553 2942 1586 2994 δὲ

456 3015 600 3079 epopoeiam
614 3016 738 3078 requirit,
757 3015 778 3063 si
798 3014 864 3064 iuste
883 3014 998 3064 cantabi·
1040 3015 1146 3076 θνητοῦ
1168 3029 1241 3070 τινος
1264 3009 1446 3075 τελευτήσειν,
1473 3014 1584 3063 Alabo-

454 3091 512 3143 tur,
526 3082 602 3131 diras
615 3082 692 3131 ctiam
705 3083 730 3130 in
744 3084 859 3133 carmine
872 3082 998 3132 celebrari
1039 3083 1110 3148 μένη
1131 3076 1161 3131 δὲ
1173 3084 1211 3149 Γῆ
1230 3084 1309 3132 τοῦτο
1322 3078 1409 3145 ἐζήτει
1423 3076 1582 3151 φάρμακον,

454 3156 547 3215 potest.
574 3149 611 3198 lle
631 3150 718 3199 uerbis
738 3147 890 3211 Quintiliani
904 3150 997 3200 vlita
1041 3149 1086 3199 ἵνα
1116 3145 1180 3216 μηδ’
1207 3145 1262 3199 ὑπὸ
1292 3154 1397 3214 θνητοῦ
1424 3150 1585 3214 δυνηθῶσιν

453 3219 480 3279 9,
500 3232 564 3281 quae
583 3218 632 3265 buc
652 3233 699 3265 oon
719 3217 866 3282 pertinent,
883 3219 942 3267 uide
964 3218 997 3267 ab
1040 3212 1213 3267 auerterat·
1232 3213 1303 3275 Ζεὺς
1321 3219 1351 3270 at
1371 3214 1502 3270 ἀπειπὼν
1515 3221 1584 3285 φοί·

456 3285 490 3336 ΙΙΙ
504 3288 519 3336 6
533 3284 575 3346 36,
591 3284 724 3333 1111442.
1040 3301 1099 3337 νειν
1109 3278 1172 3336 Ἠοῖ
1188 3302 1216 3337 τε
1235 3288 1281 3337 καὶ
1299 3282 1405 3358 Σελήνη
1426 3289 1472 3339 καὶ
1488 3283 1581 3351 Ἡλίῳ,

506 3352 585 3401 2-3.
603 3367 650 3401 nac
663 3353 786 3403 Siculam
798 3381 834 3389 —
844 3357 996 3418 sanguine:
1041 3349 1071 3404 τὸ
1083 3353 1136 3423 μὲν
1149 3350 1299 3424 φάρμακον
1314 3352 1396 3415 αὐτὸς
1408 3356 1492 3425 ἔταμε
1505 3351 1583 3423 φθά-

456 3438 471 3473 a
492 3421 603 3470 secundo
624 3420 691 3469 bello
714 3420 808 3469 Punico
833 3422 864 3471 ad
888 3423 995 3487 primum
1041 3418 1329 3489 σας,Ὴρακλέαδὲσῦ
1351 3420 1584 3494 μαχονδίἉθη-

455 3490 587 3552 ascendit,
608 3489 680 3538 cuius
698 3505 795 3554 pugnas
814 3491 919 3540 nauales
933 3491 997 3541 Car·
1039 3493 1089 3549 νοῖς
1101 3491 1296 3544 ἐπεκαλέσατο.
1341 3510 1389 3544 uae
1407 3502 1518 3556 ueteres,
1533 3494 1583 3543 lle-

454 3556 656 3622 tbaginieosibus
679 3559 839 3623 perniciosos
867 3560 996 3623 signitica-
1040 3563 1127 3612 siodus
1140 3570 1166 3613 et
1179 3562 1317 3627 Eumelus,
1334 3565 1364 3613 tle
1377 3562 1512 3627 Titanibus
1525 3578 1584 3612 nar-

1156 1761 1180 1808 5.
1210 1774 1285 1808 senos
1307 1758 1388 1809 BGH.
1473 1761 1584 1825 laphitas
1729 1799 1731 1808 .

454 3628 509 3691 uit,
529 3626 637 3693 priorem
657 3627 815 3677 commistam
828 3643 844 3677 a
857 3627 920 3677 Gaio
935 3628 997 3677 nut-

453 3698 488 3746 lio
502 3712 567 3746 aooo
586 3696 653 3759 494,
674 3696 781 3745 alteram
801 3712 816 3745 a
829 3695 932 3747 Lutatio
947 3696 997 3747 Ca-

372 3836 375 3839 *
454 3766 508 3815 tulo
524 3781 548 3815 a.
560 3764 620 3814 512.

507 3834 596 3883 3-4.
616 3834 740 3883 moltibus
752 3862 787 3871 -
799 3835 924 3885 citharae
942 3851 998 3884 mo-

454 3902 512 3952 dis.-
536 3918 583 3950 non
605 3918 702 3951 omnem
722 3903 826 3970 lyricam
846 3910 927 3952 ortem
947 3903 997 3952 dici

455 3970 537 4019 uoluit
556 3971 732 4033 (Stesichorus
756 3972 823 4021 enim
851 3971 916 4036 epici
940 3987 998 4021 car·

453 4039 528 4087 minis
541 4054 604 4087 onus
617 4040 673 4105 lyra
685 4040 829 4103 sustinuit),
843 4041 888 4089 sed
899 4038 996 4089 Mosam

454 4107 604 4157 amatorium
628 4108 684 4157 siue
715 4109 843 4170 iocosam,
870 4109 996 4157 mollibus

453 4176 539 4225 modis
558 4182 706 4239 canentem,
728 4178 827 4241 qualern
846 4192 918 4226 suam
937 4191 995 4225 esse

453 4244 597 4309 profitetur.
618 4242 690 4293 (loni.
706 4244 745 4294 16
761 4246 790 4293 17
805 4260 870 4308 sqq..

506 4312 583 4361 5-9‚
603 4328 651 4362 nac
668 4329 764 4363 saeuos
775 4340 811 4349 -ψ
823 4313 940 4362 Saturni
950 4327 993 4359 ue·

452 4384 538 4431 teris:
558 4395 574 4429 a
587 4380 662 4430 rebus
677 4381 759 4443 gestis
773 4380 938 4430 Romanorum
953 4394 995 4428 re-

453 4449 521 4499 cedit
534 4449 566 4497 ad
578 4450 690 4515 mythico
709 4455 837 4512 tempora,
858 4447 924 4495 unde
943 4462 995 4497 me-

452 4525 535 4566 morat
553 4518 651 4581 proclia
671 4516 854 4565 Centaurorum
876 4522 902 4564 et
920 4514 995 4581 Lapi-

453 4586 563 4648 tharum,
577 4592 629 4634 turn
644 4582 889 4647 Gigantomacbiam.

506 4654 531 4702 5.
556 4669 652 4702 saeuos
676 4650 825 4715 Lapithas:
850 4654 928 4701 saeui
950 4668 995 4701 uo-

1041 3638 1178 3693 raueraot‚
1201 3632 1264 3681 bace
1283 3632 1389 3697 proximi
1408 3632 1440 3680 od
1461 3630 1583 3693 Gigantas

1041 3700 1153 3762 (telluris
1167 3701 1283 3763 iuuenes)
1297 3699 1492 3749 transtulerunt.

1093 3769 1169 3818 7-9.
1185 3770 1254 3817 uredo
1263 3767 1414 3832 periculam
1425 3792 1456 3801 —
1466 3764 1585 3815 Saturni

1041 3842 1159 3887 ueteris:
1179 3838 1241 3885 baec
1254 3835 1395 3895 adduntur,
1415 3839 1443 3880 ut
1455 3832 1582 3895 significe-

1041 3913 1083 3954 tur
1108 3919 1182 3969 quam
1203 3919 1251 3951 non
1272 3909 1330 3965 apte
1352 3916 1393 3949 res
1414 3907 1467 3949 tam
1488 3915 1582 3964 graues

1040 3973 1160 4021 mollibus
1172 3971 1287 4019 citbarae
1300 3968 1382 4017 modis
1396 3975 1525 4034 aptentur.

1092 4039 1167 4089 8-9.
1174 4038 1289 4102 fingens
1302 4036 1396 4087 domus
1409 4038 1525 4088 Saturni
1536 4053 1582 4086 ua-

1040 4112 1121 4157 tcre'e:
1141 4107 1166 4155 di
1185 4104 1271 4169 superi
1289 4105 1315 4154 in
1329 4106 1421 4155 lucidis
1435 4106 1498 4156 locis
1511 4105 1582 4155 babi-

1039 4182 1134 4237 tantes‚
1145 4172 1230 4239 proles
1239 4175 1336 4223 ueteris
1344 4174 1447 4224 Saturni
1457 4193 1464 4238 ;
1476 4174 1580 4240 perinde

1039 4244 1126 4292 dornus
1138 4258 1182 4307 pro
1199 4240 1298 4291 lumilio
1312 4250 1351 4293 est
1364 4242 1374 4292 l
1388 4244 1403 4293 6
1417 4244 1442 4307 8,
1463 4244 1494 4293 lll
1507 4244 1522 4292 3
1536 4243 1579 4304 26,

1039 4312 1070 4361 16
1091 4311 1137 4373 12,
1158 4308 1201 4359 1111
1223 4310 1253 4359 12
1274 4312 1306 4374 6η
1331 4311 1388 4377 Epl.
1412 4311 1420 4361 l
1441 4313 1457 4362 9
1477 4313 1502 4361 4.
1528 4310 1580 4360 Alii

1038 4379 1154 4442 cogitant
1177 4380 1207 4428 de
1227 4380 1333 4429 aedibus
1353 4380 1469 4453 Olympi,
1494 4387 1522 4429 ut
1541 4386 1581 4429 est

1039 4449 1159 4498 aetherto
1173 4448 1251 4499 domo
1265 4448 1274 4498 l
1288 4450 1303 4498 3
1316 4450 1358 4499 29.

1090 4517 1184 4567 9-12.
1201 4522 1284 4583 tuque
1293 4544 1327 4555 -
1337 4516 1407 4567 collo
1417 4520 1579 4566 uriconium:

1039 4601 1052 4635 a
1075 4587 1172 4637 ueteris
1196 4585 1316 4651 temporis
1340 4600 1403 4635 uera
1427 4584 1533 4635 lristoria
1554 4590 1581 4633 et

1039 4653 1159 4706 iabulosa
1170 4655 1202 4705 acl
1215 4670 1257 4705 res
1269 4662 1356 4719 gestas
1370 4652 1489 4703 Caesaris
1503 4651 1580 4703 Octa·
