3884 5525
550 649 613 703 xtt.
640 649 684 702 nn
698 650 840 705 suscvut
855 650 975 725 llliclldl
988 652 1167 707 conlctuvs
1180 670 1239 709 cur.
1373 661 1464 707 xxxv

326 804 523 871 Francisoum
539 805 636 889 Pauly
655 804 688 869 in
710 795 902 870 sermonibus
922 815 954 870 et
968 804 1106 889 epistulis
1121 807 1172 885 (ud
1188 806 1314 875 Pisones
1336 809 1463 893 epistula

328 912 427 993 deest)
443 912 635 995 praecipuam
650 931 753 975 curam
769 910 924 976 dicandam
938 932 1007 976 csse
1022 912 1247 995 existimauit),
1266 916 1462 999 praelectum·

328 1039 385 1101 quc
399 1017 600 1081 bibliothecae
615 1017 730 1081 ducalis
744 1016 870 1101 rogaui,
895 1028 930 1081 ut
943 1017 1051 1085 librum
1076 1019 1158 1085 illum
1181 1020 1218 1083 od
1241 1040 1288 1084 me
1310 1024 1462 1091 transmit·

327 1134 418 1189 teret.
445 1124 560 1203 Quibus
575 1123 715 1207 precibus
730 1144 796 1189 cum
813 1123 861 1188 uir
876 1123 972 1189 bonus
988 1135 1019 1187 ct
1039 1124 1166 1207 diligens
1187 1126 1316 1193 libenter
1335 1128 1461 1193 obseou-

326 1242 375 1295 tus
396 1242 500 1307 esset,
525 1230 653 1313 cognoui
683 1230 920 1314 supplementum
941 1252 1003 1295 non
1027 1232 1228 1313 spernendum
1252 1234 1395 1299 accedere
1418 1256 1459 1301 ex

326 1338 431 1401 codice
448 1337 600 1414 Gethone,
617 1337 670 1401 scd
686 1336 762 1399 lonti
776 1336 846 1400 olim
862 1336 983 1420 limpido
1000 1336 1105 1401 sordes
1121 1358 1181 1401 non
1198 1360 1306 1423 paucas
1321 1340 1353 1405 in
1369 1340 1459 1425 longa

327 1444 575 1529 peregrinatione
589 1444 774 1507 adhaesisse.
799 1442 913 1527 Quippe
932 1444 1028 1507 bonas
1052 1442 1198 1509 lectiones
1213 1446 1324 1511 ueteris
1340 1446 1459 1513 Blandi·

326 1552 370 1615 nii
384 1561 416 1617 ct
430 1550 594 1615 dernensis
609 1550 696 1615 modo
710 1549 849 1635 sequitur
863 1560 894 1612 ct
910 1548 1086 1639 confirmat,
1110 1550 1197 1615 modo
1212 1550 1250 1615 cd
1265 1552 1414 1617 deteriora
1430 1566 1460 1617 ct

210 1700 221 1754 3
325 1658 509 1741 interpolata
523 1656 664 1720 deuertit.
689 1655 746 1735 Qui
762 1655 884 1739 scripsit
898 1654 1031 1719 undidem
1047 1654 1148 1721 Latini
1171 1658 1319 1721 sermonis
1334 1658 1458 1741 ignarus

196 1806 207 1840 ‚·
326 1766 399 1828 luit:
426 1786 497 1827 nam
512 1763 549 1827 ad
565 1762 661 1827 Serm.
677 1762 703 1826 ll
723 1767 736 1827 l
754 1764 795 1825 48
811 1762 1042 1827 admonitionem
1060 1762 1225 1847 exemplari
1240 1784 1295 1827 suo
1312 1764 1348 1829 ad
1364 1762 1458 1829 Cani·

325 1872 399 1935 diue
414 1890 526 1935 nomen
541 1870 701 1952 ascriptam
715 1868 790 1933 urile
804 1889 904 1953 supro
922 1872 955 1933 in
979 1869 1040 1933 odo
1057 1870 1234 1953 penultimo
1254 1892 1310 1935 seu
1330 1873 1365 1935 in
1385 1860 1480 1957 epo-⁸

325 1978 389 2043 don
405 1987 555 2059 tamquam
571 1975 753 2039 uersiculum
770 1974 978 2037 hexametrum
1001 1972 1033 2037 iu
1057 1975 1191 2041 ordinem
1215 1977 1329 2061 recepit
1351 1988 1381 2043 ct
1402 2000 1458 2043 nu·

324 2084 465 2161 meranit,
482 2083 551 2146 dum
567 2103 661 2165 prauo
675 2080 813 2145 instituto
829 2101 937 2145 uersus
959 2080 1145 2165 singularum
1167 2082 1328 2148 satirarum
1351 2086 1456 2149 eodem

325 2210 452 2253 numero
482 2187 717 2273 comprehendit.
756 2185 815 2266 Qui
843 2198 912 2251 cote
941 2208 989 2250 mc
1019 2187 1104 2255 libro·
1128 2188 1265 2255 Gothano
1296 2190 1343 2255 usi
1372 2203 1454 2269 sunt,

325 2297 474 2360 liirclrncr
494 2307 525 2359 ct
545 2294 651 2378 Pauly,
675 2292 781 2357 horum
804 2292 856 2357 illc
878 2314 938 2359 non
960 2292 1026 2357 sine
1049 2315 1122 2359 curu
1145 2296 1224 2379 egit,
1249 2296 1333 2381 pluro
1356 2308 1456 2363 tamon

325 2403 447 2479 omisit,
471 2402 567 2479 alter,
591 2411 627 2463 nt
646 2400 765 2465 iuucnis
786 2401 818 2465 in
842 2398 994 2463 trisselius
1010 2420 1113 2481 purum
1137 2400 1311 2479 exercitus,
1336 2404 1456 2487 saepius

325 2510 441 2573 errauit
454 2520 486 2571 ct
499 2530 553 2592 pro
568 2529 624 2573 suo
640 2508 829 2589 antiquarum
848 2506 1011 2569 formarum
1033 2505 1132 2570 studio
1157 2504 1359 2571 huiuscemodi
1381 2510 1456 2573 scri·

324 2625 429 2699 pluras
444 2617 636 2699 conpositus,
653 2618 863 2698 conpensare,
880 2613 1001 2689 uoltus,
1025 2608 1140 2695 rorigus
1155 2622 1185 2675 ct
1200 2611 1245 2675 his
1260 2610 1373 2677 similes
1389 2634 1455 2697 pcr-

325 2744 427 2808 peram
441 2721 513 2786 indc
527 2720 660 2798 rettulit,
685 2719 770 2784 cuius
792 2719 904 2784 erroris
921 2716 1081 2784 funiculos
1096 2716 1127 2781 in
1143 2717 1336 2782 annotatione
1351 2719 1454 2784 critica

326 2829 416 2894 huius
431 2829 572 2892 alimonis
587 2828 735 2893 indicatos
750 2826 906 2911 reperient
919 2823 1026 2908 quibus
1043 2822 1131 2888 etium
1148 2832 1253 2888 tenues
1274 2843 1325 2888 res
1349 2845 1455 2892 consc-

325 2936 399 3000 ctari
413 2937 544 3000 otiosum
558 2945 617 2998 cst.
698 2972 701 2976 ⁴

849 3215 923 3276 ΧΠ.
1048 3263 1050 3269 .

324 3368 376 3431 DE
404 3367 571 3444 snucvut
601 3366 735 3431 DEClMl
766 3364 982 3430 conlctBVS.
1024 3363 1075 3426 DE
1105 3359 1219 3425 Ltsstto
1249 3359 1449 3438 BERNENSI,

325 3470 597 3536 SANGALLENSI
613 3468 816 3549 VTROQVE,
841 3442 1306 3543 fltSPANtENsl,'GOTt1lN1
1325 3461 1451 3527 PARTE

792 3567 986 3634 SECVNDA.

407 3761 528 3824 Saecnli
551 3759 658 3824 decimi
680 3759 800 3824 codices
822 3778 911 3824 menn
933 3755 1036 3838 scripti
1057 3774 1233 3838 quamquam
1253 3753 1290 3818 ad
1313 3755 1399 3818 fidem
1422 3763 1453 3816 et
1542 3739 1545 3744 ¹

323 3865 488 3930 bonitatem
503 3887 620 3944 eorum,
637 3886 711 3950 quos
727 3865 865 3949 proximo
881 3863 976 3947 capite
994 3858 1234 3946 percensuimus,
1252 3879 1312 3922 non
1327 3870 1452 3942 possunt

214 4002 217 4015 ·
323 3973 472 4056 aspirare,
489 3993 506 4036 a
521 3971 664 4056 grauibus
679 3983 778 4035 tamen
794 3970 908 4033 mendis
923 3979 955 4032 ct
967 3965 1249 4052 interpolationibus
1267 3963 1354 4030 liberi
1369 3987 1452 4030 man·

323 4088 440 4142 serunt.
471 4079 585 4142 Horum
606 4078 740 4142 codicum
763 4077 795 4142 in
819 4073 998 4140 Curmsitum
1023 4073 1107 4140 libris
1129 4074 1202 4138 dunc
1225 4071 1336 4136 classes
1359 4083 1449 4150 sunt3

322 4185 419 4250 altere
440 4205 562 4250 manum
584 4183 812 4250 emendatricem
834 4204 894 4248 non
915 4191 1041 4266 experto
1062 4189 1125 4258 est,
1150 4178 1244 4244 altera
1264 4178 1450 4242 emendantis

321 4289 452 4376 uestigia
466 4290 576 4377 prodit.
598 4290 714 4356 Prioris
730 4289 836 4356 classis
851 4289 910 4352 duo
925 4288 1044 4352 codices
1061 4307 1140 4350 amc
1156 4285 1292 4372 primum,
1312 4284 1369 4350 duo
1385 4294 1452 4370 post

323 4408 548 4465 antecessorem
564 4398 662 4462 collati
678 4407 759 4463 sunt.
776 4395 877 4462 Primo
892 4396 959 4459 loco
974 4392 1113 4484 procedat
1125 4392 1303 4472 Beruenses,
1321 4389 1450 4458 inlibris

388 4584 415 4652 ’)
432 4585 460 4636 ln
474 4585 565 4635 codem
577 4584 705 4634 uolumine
719 4581 836 4634 (lolliano
849 4583 926 4634 etiam
939 4585 1061 4633 carmina
1074 4581 1213 4650 separatim
1226 4577 1321 4643 scriptu
1334 4583 1403 4640 sunt,
1418 4575 1449 4625 dc

323 4654 414 4720 quibus
426 4654 543 4720 proximo
557 4653 641 4718 capite
654 4652 763 4703 dicotur.
