3884 5525
960 621 1097 674 uocauit

598 866 600 871 ,
622 878 624 883 Ι
672 791 805 871 Pompili
822 807 954 868 regnum
971 806 1150 868 memorem,
1169 805 1208 852 an
1226 791 1377 868 superbos

671 899 823 978 Tarquini
840 905 954 981 fasces,
973 903 1091 978 dubito,
1110 917 1150 964 an
1167 896 1297 964 Catonis

578 1059 583 1068 .
673 1015 776 1076 nobile
791 1014 899 1077 letum.

599 1179 603 1189 ’
672 1163 831 1243 Regulum
847 1171 878 1228 et
893 1164 1030 1230 Scauros
1046 1166 1230 1242 animaeque
1245 1175 1377 1242 magnae

671 1279 836 1356 prodigum
850 1275 987 1340 Paulum
1002 1282 1170 1354 superante
1186 1274 1293 1340 Poeno

671 1393 782 1464 gratus
797 1390 917 1466 insigni
931 1390 1067 1454 reiciam
1084 1405 1210 1451 camena

669 1497 920 1576 Patriciumque.

531 1723 575 1774 36.
594 1723 672 1773 letum
687 1723 710 1772 A
718 1741 726 1771 :
747 1722 822 1783 letum
839 1722 876 1782 G,
897 1723 991 1772 loeium
1004 1723 1037 1773 H.
1160 1721 1285 1772 37-38.
1305 1721 1428 1785 Regillum
1440 1750 1475 1760 —
1488 1721 1592 1774 Paulum

463 1791 624 1843 Priscianus
637 1789 721 1840 XVlll
735 1791 750 1840 2
766 1792 807 1855 19,
827 1791 976 1855 animaeque
990 1791 1121 1856 prodigum
1134 1789 1237 1841 Paulum
1251 1791 1397 1841 scholiasta
1411 1791 1500 1842 Statii
1509 1791 1590 1842 Tbcb.

463 1860 498 1911 ιιι
512 1861 574 1926 coa,
589 1859 646 1911 νιιι
659 1860 721 1911 soc.
819 1859 867 1918 as.
886 1861 964 1925 pauli
976 1860 1084 1912 Aaou.
1192 1861 1234 1912 ao.
1253 1859 1427 1926 sarcinasque
1440 1861 1473 1912 A.

463 2132 538 2176 mm:
563 2124 657 2174 seriem
678 2124 800 2189 temporis
819 2124 935 2175 consulto
956 2141 1006 2176 nou
1049 2130 1112 2176 real
1129 2130 1220 2176 aulam
1231 2125 1331 2176 Fabios
1349 2124 1500 2192 durumque
1513 2126 1594 2176 Cata-

463 2194 540 2244 aaxie
553 2193 655 2242 curauit
673 2192 796 2242 uarietati
810 2192 925 2243 studens.
950 2193 1007 2244 Pri·
1050 2209 1109 2244 acm
1123 2199 1149 2244 ct
1161 2194 1279 2245 Scauros
1293 2194 1478 2245 ctFabricios.
1498 2192 1593 2244 Veram

462 2277 530 2312 mam
542 2268 665 2310 nemorat
683 2269 782 2311 tresex
801 2262 905 2324 regibus
918 2263 1007 2328 eisque
1050 2263 1172 2313 Horatius
1194 2278 1241 2312 non
1264 2277 1358 2326 genera
1380 2263 1521 2325 bominum,
1547 2262 1593 2312 sed

463 2331 546 2394 iungit
580 2337 708 2380 recentem
738 2329 846 2380 Catonis
875 2329 1007 2382 Vticensis
1050 2333 1163 2394 singulos
1182 2331 1275 2398 prioris
1293 2332 1350 2382 aeui
1367 2331 1437 2380 uires
1458 2346 1594 2382 recenseas

462 2407 585 2461 martem3
604 2399 668 2448 duos
687 2414 758 2462 rages
776 2399 892 2462 legitime
905 2407 1007 2450 creatos
1051 2409 1185 2466 utramque
1204 2401 1327 2451 Scaurum
1346 2401 1475 2451 intellexit
1499 2407 1526 2450 et
1544 2415 1593 2450 aon

462 2468 590 2535 componit
602 2483 657 2516 cum
669 2466 825 2533 Tarquinio,
846 2468 889 2532 qui
903 2484 1008 2532 regnum
1052 2471 1107 2520 siae
1120 2485 1198 2520 causa
1211 2485 1290 2534 usque
1303 2470 1334 2520 ad
1348 2477 1462 2536 tempora
1475 2469 1524 2520 sibi
1536 2485 1594 2536 pro-

462 2538 528 2587 male
540 2542 639 2603 partum
651 2537 678 2586 ui
692 2537 810 2588 reticuit.
834 2536 900 2586 ilinc
912 2554 1007 2602 supcr-
1050 2540 1121 2590 xima
1133 2539 1275 2590 descendit.
1292 2595 1298 2612 ι

464 2609 509 2656 bas
530 2605 664 2670 Tarquini
680 2606 786 2670 sasccs.
816 2605 945 2656 Aberrant
962 2607 1005 2672 qui
1102 2608 1214 2657 ai-lo.
1229 2610 1588 2670 catenasque-magnac*

463 2691 513 2724 non
534 2674 565 2724 de
584 2671 726 2739 Tarquinio
747 2674 877 2740 Superbo,
903 2675 947 2724 sed
975 2677 1006 2725 de
1050 2677 1272 2740 Patriciumque:
1291 2675 1461 2738 antiquiorem
1473 2674 1593 2739 subsequi

462 2743 553 2795 Prisco
563 2743 686 2809 cogitant.
703 2742 824 2796 Horatius
835 2743 942 2807 gloriam
953 2744 1006 2794 uiri
1050 2744 1126 2808 iacit,
1148 2743 1302 2811 praecedere
1315 2757 1371 2793 eum
1385 2744 1425 2808 qui
1445 2751 1503 2809 post
1515 2743 1592 2797 uixit.

462 2814 571 2865 albella
583 2813 707 2879 respexit,
722 2814 822 2864 scelera
833 2813 925 2863 tacuit.
1049 2812 1122 2864 Noua
1142 2821 1181 2863 est
1201 2814 1318 2862 iunctura
1337 2818 1363 2861 ct
1374 2813 1480 2863 multam
1493 2814 1593 2876 gratiae

514 2883 558 2933 35.
589 2898 625 2932 aa
654 2882 766 2933 Catonis
789 2881 880 2931 aobilc
903 2882 1005 2930 letum.-
1048 2882 1198 2947 praeferens
1215 2881 1594 2947 prodigusanimaemagaac

463 2966 538 3014 reges
548 2958 607 3001 oute
618 2950 741 3000 nominali
754 2950 861 3014 imperio
871 2956 916 2998 sut
928 2949 1005 2998 bellis
1049 2950 1080 2999 de
1090 2966 1130 3012 eo,
1139 2950 1181 3013 qui
1195 2950 1272 2998 uitam
1280 2949 1416 3015 pretiosam
1426 2949 1490 2999 nibil
1499 2966 1593 3001 curans

463 3020 653 3080 inclaruerunt,
679 3017 743 3067 Cato
768 3017 899 3067 Vticensis
923 3024 1005 3065 morte
1048 3017 1171 3084 proludit.
1208 3016 1322 3067 imitatus
1346 3024 1401 3077 est,
1426 3025 1456 3068 ut
1479 3010 1609 3081 uidetur,'

463 3087 573 3137 similem
592 3086 701 3148 gloriam
720 3086 827 3150 adeptus
846 3093 901 3148 est3
926 3084 962 3135 ci.
983 3083 1006 3135 ll
1050 3086 1156 3136 Ouidius
1174 3085 1260 3135 Amor.
1282 3085 1318 3136 ill
1340 3086 1355 3135 9
1374 3086 1423 3137 64:
1448 3091 1594 3152 sanguinis

465 3155 536 3206 124.
1049 3160 1133 3219 atque
1153 3157 1261 3203 animae
1283 3154 1399 3220 prodige
1422 3154 1497 3206 Galle
1517 3163 1591 3220 tuae,

512 3223 557 3271 37.
576 3220 709 3284 Regulum
728 3226 755 3269 et
767 3219 901 3270 Scauros.-
920 3220 1006 3267 uirum
1049 3221 1276 3273 sisoiusioealii
1289 3223 1354 3273 603:
1368 3228 1448 3287 acqui
1458 3228 1593 3291 inpatiens

462 3291 593 3354 antiquum
611 3296 639 3338 et
651 3288 741 3338 Punici
760 3288 821 3337 belli
840 3287 915 3352 primi
929 3287 1006 3337 rebus
1050 3292 1199 3357 largasque
1216 3294 1337 3349 animae,
1358 3290 1415 3342 Vlll
1430 3294 1495 3343 loo:
1517 3298 1593 3344 uitas

463 3366 548 3408 uotum
560 3356 688 3423 componit
700 3371 756 3405 cum
768 3356 865 3405 duobus
878 3356 1007 3405 recentia·
1046 3360 1166 3427 prodiga
1190 3363 1292 3411 uirtus.
1326 3360 1364 3410 lle
1388 3376 1416 3411 re
1441 3362 1509 3411 caui.
1530 3362 1591 3413 Liu.

463 3426 619 3487 risaetatis3
634 3426 660 3475 bi
675 3424 746 3475 luere
756 3422 791 3475 il.
800 3424 905 3474 Aemilii
913 3424 1005 3475 Scauri
1049 3427 1126 3479 XXll
1141 3428 1173 3479 38
1183 3444 1237 3494 sqq.
1259 3430 1414 3481 Fabricium
1427 3431 1491 3481 dicit
1504 3431 1532 3481 C.
1546 3430 1593 3481 rn-

462 3503 536 3562 pater
559 3501 586 3544 et
609 3494 693 3555 lilius,
725 3500 799 3559 pater
822 3494 956 3544 consulatu
980 3504 1007 3545 et
1049 3497 1158 3548 bricium
1182 3497 1317 3549 Luscinum
1342 3498 1434 3567 Pyrrhi
1458 3501 1592 3564 uictorem,

461 3563 582 3630 triumphi
596 3563 691 3612 bonore
705 3562 816 3625 insignis
829 3578 855 3613 a.
865 3563 926 3624 639,
946 3579 1007 3613 cea·
1049 3567 1133 3617 uirum
1147 3566 1239 3617 iontem
1251 3575 1278 3618 et
1290 3568 1447 3618 abstinentia
1459 3570 1564 3619 clarum.

464 3647 549 3683 saram
568 3632 674 3698 adeptus
687 3632 789 3694 abib,
809 3647 868 3681 mox
887 3633 1007 3698 princeps
1100 3636 1214 3686 cll-⁴14.
1235 3635 1315 3701 Quasi
1334 3636 1407 3687 linem
1422 3646 1468 3685 non
1488 3637 1592 3685 babitu-

462 3708 568 3751 scnatus
588 3700 703 3765 (egregie
717 3700 805 3750 laudat
823 3702 949 3751 bominem
963 3701 1007 3751 ci·
1050 3720 1093 3754 rus
1112 3704 1137 3753 in
1157 3712 1229 3755 tanta
1248 3706 1361 3755 uirorum
1380 3705 1505 3753 clarorum
1518 3706 1591 3767 copia

462 3786 521 3819 cero
535 3770 560 3819 in
575 3770 652 3819 braio
665 3786 688 3819 c.
700 3769 747 3831 29,
768 3786 813 3834 pro
825 3768 933 3820 Fonteio
946 3786 969 3820 c.
980 3771 1004 3833 l,
1050 3774 1132 3823 denuo
1155 3773 1246 3839 incipit
1267 3774 1354 3837 eique,
1381 3786 1454 3835 quem
1473 3772 1590 3841 proxime

462 3839 494 3889 de
513 3838 562 3889 (bd.
579 3838 586 3887 Ι
603 3838 653 3901 3ος
679 3836 786 3889 Tacitus
806 3838 898 3889 danai.
915 3838 1005 3901 11166,
1049 3841 1164 3904 uocauit,
1179 3840 1276 3889 similes
1289 3840 1417 3901 adiungit.

462 3906 525 3969 Agr.
535 3923 564 3957 a.
578 3907 606 3969 ¹3
630 3905 751 3957 Valerius
769 3904 895 3955 Maximus
908 3905 929 3954 V
942 3906 958 3955 8
971 3908 1004 3956 l:
1101 3910 1145 3957 41.
1165 3914 1193 3957 et
1199 3911 1341 3973 incomptis
1351 3909 1463 3958 Caralim
1472 3908 1589 3973 capillis:

462 3975 547 4026 ruinas
560 3975 698 4025 honorilice
716 3976 747 4024 de
759 3989 790 4023 eo
811 3974 910 4023 iudicat
922 3973 1008 4023 Sallu·
1050 3976 1113 4026 dicit
1133 3976 1306 4038 neglegentem
1319 3975 1434 4040 corporis
1452 3976 1546 4025 cultum
1565 3985 1591 4027 et

462 4045 528 4094 siius
542 4043 595 4106 lag.
613 4045 671 4108 15);
685 4043 753 4093 lilius
767 4040 889 4103 Scaurus,
902 4057 918 4091 a
931 4042 1007 4091 Cice·
1049 4044 1192 4111 paupertati
1208 4044 1359 4109 propiorem.
1381 4042 1448 4093 Male
1458 4044 1517 4095 baie
1534 4046 1589 4095 loco

463 4128 524 4162 rona
538 4112 669 4174 delensus,
681 4112 756 4161 buius
769 4110 887 4161 laudibus
900 4118 927 4160 et
939 4126 1007 4159 com·
1049 4111 1169 4162 conuenit
1187 4114 1301 4162 intonsis
1327 4127 1342 4161 a
1362 4111 1522 4177 Quintiliano
1539 4130 1591 4164 uae-

463 4182 625 4231 mendatioua
643 4188 769 4245 tamquam
790 4180 832 4228 uir
851 4194 956 4241 magnus
979 4186 1006 4229 et
1048 4180 1144 4229 moriae
1162 4178 1227 4228 uitio
1247 4180 1305 4230 lc.
1324 4181 1446 4231 relatum·
1476 4198 1531 4232 nam
1551 4184 1591 4233 in-

462 4250 556 4316 probus
569 4250 678 4315 posteris
691 4250 803 4299 traditus
813 4254 862 4297 cst.
883 4247 1005 4297 Horatius
1048 4256 1137 4297 tonsus
1151 4263 1243 4313 pueros
1256 4249 1385 4312 imitaturq
1400 4250 1432 4302 ci.
1448 4252 1479 4301 ad
1495 4250 1547 4300 121
1563 4252 1589 4302 2.

463 4320 530 4368 harad
550 4318 626 4367 dubie
646 4333 710 4367 nunc
728 4326 754 4367 et
771 4323 867 4383 patrem
887 4323 913 4365 et
926 4316 1005 4365 lilium
1048 4316 1168 4367 Fabricio
1182 4316 1254 4367 addit
1266 4320 1407 4383 aequalem,
1420 4320 1590 4383 uirumacque

462 4387 713 4449 memorauit‚⁴noa,
734 4385 820 4436 utalii
834 4385 954 4447 credunt,
975 4399 1006 4433 ea
1048 4386 1218 4435 abstinentem
1242 4394 1269 4436 et
1294 4386 1385 4437 iontem
1409 4388 1470 4438 belli
1490 4388 1588 4452 ducem,

462 4456 566 4511 dicendi
581 4456 764 4505 cousuetudine
775 4469 837 4503 usus
847 4460 896 4516 est,
909 4460 939 4503 ut
951 4452 1006 4519 plu·
1048 4454 1086 4504 M.
1103 4454 1214 4503 Curiam
1229 4454 1384 4505 Paululum.

462 4525 512 4579 cali
532 4540 635 4574 numero
656 4538 735 4587 genus
754 4522 896 4584 bominum,
922 4522 1006 4586 qualis
1066 4562 1069 4571 .
1099 4522 1142 4573 42.
1174 4522 1268 4573 utilem
1293 4524 1361 4574 bella
1391 4517 1527 4591 (χρηστὸν
1551 4526 1591 4589 τῷ

464 4593 514 4645 luit
527 4593 637 4642 Scaurus
648 4602 730 4657 pater,
745 4591 889 4639 denotetur.
909 4589 953 4639 Sic
965 4596 1006 4640 est
1050 4591 1190 4659 metipsum:
1214 4591 1281 4641 bello
1301 4593 1390 4642 utilem
1410 4593 1442 4641 ob
1456 4592 1590 4641 scientiam

464 4662 531 4727 apud
545 4660 688 4711 luueaalem
708 4658 744 4709 Xl
757 4658 805 4707 9οι
821 4674 888 4708 cara
909 4664 1005 4709 trcmc·
1049 4667 1075 4710 et
1087 4660 1279 4713 abstinentiam.
1300 4660 1382 4712 Prisci
1396 4662 1516 4728 temperis
1529 4661 1590 4712 sim·
