3884 5525
962 582 1099 635 bbflATtt
1151 588 1161 608 ”

675 772 795 836 annosa
810 758 931 818 cornix.
957 756 1147 832 aumonius,
1165 756 1288 818 ortium

676 882 825 945 compone
840 868 979 944 liguum:
998 882 1069 929 orus
1085 864 1221 929 Genium
1238 881 1323 929 mero
1396 848 1398 852 ’

674 980 800 1041 curubis
816 983 847 1040 et
860 994 955 1055 norro
971 979 1134 1039 bimenstri

674 1106 744 1152 oum
761 1092 887 1153 sumulis
903 1102 1031 1166 operum
1046 1090 1169 1151 solutis.

537 1280 578 1330 13.
597 1286 670 1345 potes
685 1278 866 1345 ABGngZ:
885 1280 952 1346 potis
966 1294 992 1340 ς.
1102 1281 1143 1329 14.
1166 1278 1285 1345 conpone
1297 1280 1331 1329 B.
1437 1280 1479 1328 15.
1499 1278 1596 1327 bimen-

467 1350 515 1399 stri
528 1348 677 1415 Aerugo.
981 1368 983 1371 ⁴

467 1571 509 1603 τοι
535 1546 596 1610 ζιόει
619 1548 716 1619 γενεὰς
739 1554 871 1623 λακέρυζα
902 1548 1009 1622 κορώνη
1054 1552 1180 1603 irumentu
1200 1552 1233 1602 nb
1253 1552 1375 1615 agricolis
1393 1550 1520 1602 celebrari
1537 1550 1597 1599 soli-

466 1615 1010 1703 iviouvibotvroo.iiinourato(u.1022)
1053 1630 1115 1671 tum.
1136 1622 1263 1671 Aoeurute
1282 1620 1419 1688 descripsit
1431 1620 1553 1669 Horatius
1571 1619 1595 1667 in

466 1700 507 1743 est
527 1690 694 1759 ἒννεανειρα.
725 1690 903 1741 LueretiusV
926 1692 1008 1741 1084:
1052 1690 1220 1756 Epistulisll
1241 1690 1252 1739 l
1277 1690 1342 1739 139:
1361 1689 1501 1756 agricolae
1511 1692 1598 1752 prisci

466 1766 494 1811 et
508 1764 614 1825 partim
633 1765 744 1810 mutant
763 1777 823 1811 oum
842 1765 1011 1827 tempestati·
1042 1787 1088 1796 ·—
1100 1776 1161 1809 eum
1172 1762 1253 1809 sociis
1266 1775 1378 1824 operum
1390 1762 1483 1824 pueris
1497 1762 1525 1806 et
1536 1773 1597 1807 eou-

467 1832 514 1880 bus
532 1844 586 1878 uno
607 1833 768 1879 raucisonos
787 1836 898 1891 eortius,
920 1832 1010 1879 corrri-
1052 1832 1114 1895 iuge
1118 1829 1183 1893 fido
1199 1826 1332 1878 Tellurem
1343 1844 1436 1893 porco,
1451 1826 1594 1877 Siluanum

466 1914 525 1949 eum
539 1898 673 1947 utsueole
686 1904 797 1948 uetusta
810 1914 1011 1963 corvorumque
1053 1898 1125 1947 lueto
1138 1899 1271 1964 piabunt,
1285 1898 1406 1962 floribus
1425 1902 1453 1946 et
1470 1899 1533 1945 uino
1549 1893 1598 1944 Ge·

464 1982 577 2034 greges,
599 1966 647 2015 ubi
666 1982 764 2030 aquam
777 1966 906 2017 dicuutur
920 1973 947 2016 et
959 1970 1011 2016 im·
1053 1970 1129 2015 nium
1142 1981 1286 2016 memorem
1298 1967 1388 2015 breuis
1398 1966 1468 2015 neui.
1485 1963 1597 2013 indidem

468 2040 527 2087 brer
551 2049 663 2099 posuere
692 2040 719 2084 ei
746 2036 883 2085 interdum
913 2041 1010 2086 uentos
1053 2051 1128 2101 porro
1141 2036 1318 2099 cognoscitur,
1339 2050 1386 2084 our
1404 2035 1467 2083 bure
1479 2033 1526 2082 ode
1538 2048 1598 2097 pro-

467 2119 604 2167 aurasque
619 2118 728 2153 uocare.
902 2105 906 2115 '
1052 2104 1136 2154 uimue
1162 2104 1250 2153 uicina
1274 2103 1323 2153 sit:
1350 2119 1406 2153 num
1428 2103 1453 2151 in
1475 2109 1597 2167 sequente

519 2172 559 2222 13.
585 2172 649 2221 dum
660 2177 753 2237 potes:
773 2172 820 2223 hoo
833 2172 925 2223 melius
939 2172 1011 2223 uide·
1052 2173 1166 2222 carmine
1187 2174 1226 2223 sui
1248 2171 1307 2237 pugi
1327 2173 1419 2222 festum
1439 2170 1551 2233 euoluit,
1570 2170 1596 2219 in

466 2240 1010 2307 turoonuenireproximoeompoue‚quum
1053 2242 1101 2291 boe
1121 2242 1198 2291 lorias
1218 2242 1250 2291 ub
1263 2241 1337 2291 Aelio
1356 2242 1409 2290 ruri
1428 2240 1541 2305 ogeutlus
1559 2239 1598 2287 in-

467 2310 773 2375 dumpotisulientleio
792 2326 823 2361 ex
841 2310 1010 2361 tribus'libris
1054 2311 1161 2361 diouuit.
1193 2310 1231 2361 lle
1262 2309 1443 2360 Saturnalibus
1473 2308 1599 2373 cogitauit

466 2380 615 2445 repositum.
1053 2378 1205 2430 Meinelrius.
1234 2378 1333 2429 Graeco
1350 2395 1420 2429 more
1441 2377 1599 2427 ‹licium-est

519 2448 630 2497 14-15,
645 2463 706 2498 eras
721 2446 833 2498 Genium
846 2463 919 2498 mero
933 2464 1012 2498 oura-
1053 2465 1164 2515 operum
1182 2448 1284 2499 solutis
1301 2450 1370 2510 (τῶν
1385 2446 1474 2517 ἔργων
1485 2446 1599 2514 λελυμέ-

468 2519 507 2568 bie
521 2522 550 2567 et
557 2532 643 2582 porro
664 2518 803 2567 bimestri.-
825 2532 873 2566 uon
893 2524 934 2568 est
951 2518 1012 2567 bor·
1052 2519 1134 2581 νοις),
1147 2524 1176 2568 ut
1190 2516 1272 2567 Serm.
1288 2516 1308 2567 ll
1322 2518 1337 2567 3
1350 2518 1398 2567 ut:
1412 2519 1498 2567 miror
1509 2517 1601 2566 morbi

466 2586 561 2649 tentis,
580 2584 625 2637 sed
643 2586 702 2650 quid
716 2584 829 2636 futurum
843 2586 877 2636 sit
890 2586 1009 2637 dicentis.
1049 2592 1202 2654 purgatum
1221 2592 1247 2637 te
1265 2586 1349 2636 illius,
1370 2588 1458 2650 Opera
1476 2592 1505 2635 ut
1517 2583 1599 2635 Grae-

441 2671 450 2686 ·
469 2656 583 2706 Curubis
602 2661 642 2704 est
660 2670 705 2721 pro
724 2655 840 2720 pluoubis
859 2655 901 2705 uel
914 2655 1009 2721 piubis.
1054 2672 1140 2707 eorum
1151 2654 1218 2724 ἔργα
1228 2656 1364 2721 praecipue
1374 2656 1405 2705 (le
1416 2670 1490 2721 opere
1498 2653 1599 2717 agresti

467 2722 538 2790 Quod
558 2732 585 2774 et
602 2738 699 2775 merum
721 2731 747 2774 et
768 2740 859 2790 porrus
882 2724 1011 2774 bimestris
1054 2725 1230 2792 accipiuntur3
1250 2726 1288 2776 sio
1305 2731 1346 2776 est
1358 2725 1384 2776 in
1396 2724 1483 2776 uerbis
1497 2723 1599 2774 Horatii

468 2793 548 2844 Genio
562 2793 619 2844 duri
632 2809 697 2844 nuno
710 2793 814 2858 dieitur,
828 2809 876 2844 non
890 2793 955 2843 sutis
968 2809 1010 2844 ue·
1053 2795 1126 2845 modo
1151 2795 1269 2860 useriptis
1291 2795 1364 2859 (eum
1383 2797 1465 2849 sooiis
1486 2808 1599 2859 operum

466 2871 554 2912 ourute
569 2862 663 2913 suetum
676 2869 730 2912 ost:
746 2878 803 2912 num
815 2862 891 2926 uulgo
902 2861 1010 2912 Genium
1050 2864 1169 2929 pueris).
1199 2863 1289 2914 Cicero
1315 2863 1346 2913 de
1365 2863 1479 2928 Legibus
1502 2861 1524 2912 ll
1547 2861 1596 2912 12:

466 2932 536 2996 uino,
551 2930 680 3002 Tellurem
693 2947 768 2998 poroo
782 2932 934 2998 plueubuut3
951 2931 1009 2997 lipl.
1044 2933 1187 2998 seriarum
1198 2934 1394 2999 feriarumque
1406 2933 1510 2983 dierum
1522 2934 1598 2982 ratio

468 3000 591 3051 111143.
984 3006 987 3010 '
1052 3004 1080 3051 iu
1104 3002 1196 3052 liberis
1214 3007 1361 3066 requietem
1382 3003 1474 3053 litium
1494 3004 1599 3052 et-iur-

519 3069 560 3118 16.
575 3069 759 3132 cumsamulis
771 3083 880 3134 operum
891 3069 1008 3118 solutis:
1051 3073 1178 3134 giorum,
1199 3073 1227 3120 iu
1244 3075 1333 3121 seruis
1353 3087 1465 3137 operum
1483 3076 1512 3120 et
1523 3069 1598 3120 labo-

467 3137 531 3202 quod
548 3136 817 3199 iumuliudbibentur,
832 3135 927 3186 Genius
940 3151 1010 3186 rnero
1053 3154 1130 3199 rum,·
1144 3155 1214 3203 quae
1223 3143 1383 3204 compositio
1393 3143 1460 3190 anui
1472 3140 1598 3204 conferre

466 3205 592 3269 plneutur,
607 3217 697 3270 ponens
711 3203 882 3268 mutilentur,
899 3206 958 3254 bino
972 3206 1011 3255 in·
1053 3207 1379 3274 debetudperffeotiouem
1391 3225 1501 3276 operum
1512 3210 1597 3258 rusti-

466 3272 597 3334 tellegiiur
610 3271 720 3328 nuntiari
735 3271 828 3322 festum
841 3280 898 3338 post
908 3273 1010 3324 conditu
1053 3291 1156 3326 eorum.
