3884 5525
775 587 953 641 cnumidvm
972 589 1008 639 lli
1028 589 1069 638 29.

567 760 749 837 plerumque
764 763 874 835 gratae
890 760 1040 820 diuitibus
1054 760 1154 836 uices,

568 870 763 945 mundaeque
779 884 875 945 paruo
891 871 948 931 sub
964 871 1031 932 lare
1046 886 1217 948 pauperum

567 996 663 1042 cenae
679 982 748 1041 sine
763 980 883 1041 aulaeis
899 984 931 1041 et
945 986 1033 1043 ostro
1174 1036 1187 1063 ⁴

567 1092 735 1153 sollicitam
752 1091 931 1167 explicuere
947 1093 1093 1153 trontem.

566 1264 627 1323 iam
644 1262 749 1324 clerus
765 1264 922 1325 occultum
938 1264 1155 1325 Andromedae
1169 1268 1258 1339 poter

567 1372 701 1434 ostendit
716 1374 833 1450 ignem,
851 1376 913 1435 iem
928 1370 1076 1451 Procyon
1092 1376 1170 1437 turlt

569 1488 601 1544 et
616 1484 706 1545 stella
721 1486 831 1545 uesani
846 1485 945 1546 leonis

568 1595 634 1657 sole
650 1594 715 1655 dles
731 1596 888 1657 referente
904 1596 1026 1674 siccos3

567 1764 628 1825 iem
643 1769 750 1842 pastor
766 1768 892 1829 umbras
908 1782 979 1829 oum
995 1780 1093 1843 grege
1108 1766 1256 1843 languldo

426 1954 468 2003 15.
489 1968 568 2003 cenae
582 1952 645 2003 BG:
665 1968 761 2004 coeuae
773 1956 832 2005 AH.
903 1954 1079 2006 auleieBGH.
1186 1957 1227 2007 li.
1247 1954 1358 2007 ocultum
1370 1952 1427 2005 BG.
1519 1974 1523 1983 ·

348 2022 398 2072 18.
419 2022 498 2071 etiam
513 2020 543 2071 u.
615 2022 805 2087 procbionBtI.
912 2024 955 2074 id.
976 2024 1059 2075 siccas
1072 2026 1104 2075 tl.
1207 2026 1251 2076 21.
1270 2023 1373 2088 largitio
1386 2024 1421 2074 A.

347 2228 465 2278 flectam.
482 2224 593 2279 ‘Turrim
611 2228 691 2293 dicit,
711 2244 785 2294 quum
798 2228 899 2281 Maece·
996 2232 1037 2281 16.
1057 2232 1205 2281 sollicitem
1216 2232 1399 2295 —srontemc
1414 2229 1484 2280 irone

348 2312 401 2347 nas
419 2296 516 2347 dieitur
533 2296 559 2346 in
580 2296 661 2347 bortis
674 2298 728 2347 suis
741 2299 897 2363 exinanisse,
942 2298 1056 2349 sollicita
1075 2314 1242 2365 curarumque
1257 2301 1327 2363 rugis
1340 2304 1484 2349 contrecta

347 2366 420 2415 unde
434 2366 497 2415 baec
515 2366 599 2415 omnia
617 2361 812 2431 prospectabat.
834 2367 898 2417 Poa—
941 2368 1038 2417 securis
1056 2384 1193 2433 pauperum
1211 2369 1317 2433 dapibus
1329 2368 1483 2432 explicatur.

349 2450 474 2484 curator.
506 2434 580 2483 Coei.
606 2434 687 2487 Serm.
714 2435 724 2485 l
749 2436 764 2486 8
791 2436 821 2485 14
840 2452 895 2501 sqq.
940 2435 1063 2486 Nimirum
1081 2444 1155 2501 poeta
1173 2439 1279 2486 amicum
1298 2434 1484 2485 toncdiesno·

349 2502 460 2553 Sueten.
475 2500 576 2553 Nerone
589 2503 664 2553 eoo.
939 2512 1043 2569 ctesque
1063 2504 1229 2570 reipublicae
1248 2505 1332 2568 gratia
1346 2503 1484 2553 sollicitari

409 2571 450 2620 12.
468 2573 581 2636 sumum
605 2578 633 2621 et
653 2588 716 2639 oper
737 2576 897 2637 strepitum·
940 2571 1482 2638 sciebat.l)euerbocepttwereci.Serm.

348 2656 406 2707 quc
424 2638 540 2690 Romae:
566 2644 668 2691 mirari
684 2657 732 2691 non
751 2649 791 2691 est
809 2642 897 2691 admi·
939 2641 990 2692 112
1006 2642 1069 2692 125:
1090 2642 1224 2707 explicuit
1241 2646 1305 2693 uino
1325 2645 1484 2691 contractae

346 2712 429 2772 rari,
451 2709 494 2758 scd
508 2709 641 2759 mirantem
659 2710 823 2776 contemptori
836 2711 897 2773 (an-
938 2712 1136 2775 ten'afrontir.

347 2779 490 2840 stuuncu).
505 2781 570 2844 Aple
580 2779 660 2842 igilur
669 2781 807 2842 iunguntur
817 2781 895 2830 etiem
992 2781 1114 2830 17—24.
1142 2779 1193 2830 lam
1214 2781 1240 2830 in
1262 2787 1337 2830 aestu
1357 2779 1420 2829 solis
1438 2794 1483 2844 pe-

347 2847 461 2898 moleste
485 2847 531 2896 ilia
558 2848 667 2911 (fumica
696 2850 894 2914 strepitusque)
938 2850 1070 2899 tendaest
1087 2850 1192 2913 umbra,
1213 2850 1286 2899 cuins
1305 2863 1422 2913 magnam
1441 2863 1483 2897 co·

348 2931 410 2966 eum
441 2915 529 2981 opibus
554 2916 642 2966 diuitis
666 2919 784 2982 (beatae)
812 2919 892 2968 urbis.
938 2919 1006 2984 piam
1020 2919 1045 2967 in
1058 2933 1115 2969 mea
1127 2919 1190 2968 uilla
1204 2917 1319 2968 babebis.

347 2983 478 3035 Nimirum
499 2985 531 3034 ab
549 2985 694 3048 ingentibus
714 2987 813 3036 diuitiis
833 2988 895 3036 baec
992 2987 1103 3036 17-18.
1123 2991 1180 3037 iam
1196 2988 1286 3038 clarus
1299 2985 1436 3036 oecultum
1448 3013 1484 3021 -

348 3054 512 3104 inconmoda
536 3056 652 3119 seperari
677 3063 814 3122 nequeunt.
852 3055 893 3105 Gi.
939 3057 1058 3106 ostendit
1079 3059 1183 3121 ignom:
1212 3055 1388 3106 Andromedae
1409 3061 1484 3120 pater

348 3122 410 3188 Epi.
425 3121 447 3172 ll
461 3123 476 3172 2
490 3123 603 3174 70-80.
939 3133 980 3175 est
992 3125 1118 3190 Cepheus,
1138 3125 1208 3174 sidus
1222 3124 1378 3192 splendidum
1392 3131 1419 3173 et
1432 3122 1485 3173 ler-

405 3191 527 3240 13-24.
557 3191 669 3258 Exponit
691 3207 737 3242 cur
758 3190 895 3242 Maecenas
938 3210 1011 3244 aeos.
1039 3194 1181 3244 Columella
1195 3193 1347 3258 x12551:
1368 3196 1483 3259 septimo

349 3267 452 3324 gratum
471 3261 647 3311 deuersorium
666 3262 691 3312 in
710 3261 774 3310 uilla
794 3261 895 3312 Horatii
939 3263 1001 3313 ttius
1020 3264 1107 3313 lutiae
1123 3264 1246 3330 Cepheus
1264 3278 1375 3329 uespere
1395 3264 1483 3311 exori-

350 3329 487 3378 babitnrus
508 3329 558 3392 sit3
583 3331 665 3380 altera
688 3345 767 3381 eausa
786 3329 896 3396 repetita
940 3338 997 3382 tur.
1011 3331 1124 3398 Vespere
1138 3341 1243 3383 exortus
1256 3333 1328 3382 clero
1341 3347 1386 3381 suo
1400 3331 1484 3396 splen-

350 3405 392 3447 esi
404 3413 418 3446 a
430 3410 500 3448 more
514 3398 621 3449 diuitum
640 3407 666 3448 et
679 3398 806 3448 bominum
819 3414 896 3462 nego·
939 3401 1001 3450 dore
1025 3403 1076 3450 uim
1100 3401 1163 3451 solis
1188 3402 1265 3452 etiam
1287 3408 1344 3467 post
1365 3414 1482 3449 occasum

349 3467 396 3516 tiis
408 3466 623 3530 incumbentium,
645 3469 688 3533 qui
701 3469 772 3517 uices
786 3475 811 3518 et
824 3483 896 3517 muu—
939 3469 995 3518 eius
1008 3469 1135 3532 ostendit3
1156 3471 1199 3520 bic
1212 3478 1252 3520 est
1264 3471 1386 3520 eccultus
1399 3471 1480 3533 iguis.

351 3535 485 3585 descedes
496 3535 895 3602 pauperamdiligoot(13—16),
992 3538 1033 3588 18.
1053 3541 1109 3588 tam
1122 3539 1346 3604 Procyoufurc't:
1364 3537 1426 3586 lucit
1439 3551 1483 3585 ca-

350 3603 434 3653 altera
448 3603 480 3652 eb
493 3612 566 3654 aestu
580 3605 641 3655 olis
654 3604 779 3670 (tr-24)
794 3605 818 3656 io
832 3605 896 3654 oillo
938 3606 993 3656 lore
1014 3606 1087 3656 solis.
1117 3605 1258 3654 Columella
1280 3607 1299 3654 l.
1320 3622 1362 3654 cz
1390 3605 1482 3654 idibus

351 3673 450 3722 roetico
463 3673 546 3723 minus
559 3674 642 3738 gredi.
937 3675 1015 3724 Iuliis
1026 3675 1152 3738 Procyon
1166 3677 1293 3723 exoritur
1304 3687 1392 3721 inane.

405 3741 528 3790 14—15.
556 3743 726 3808 mundaeque
744 3771 779 3780 -
797 3758 894 3795 cenae:
992 3741 1033 3791 19.
1062 3742 1142 3790 atella
1164 3745 1260 3790 uesani
1280 3743 1381 3790 leonia:
1407 3738 1503 3788 Colo-¹

351 3809 479 3874 simplices
491 3824 630 3875 pauperum
643 3827 730 3874 cenae,
745 3812 790 3862 sed
804 3811 894 3860 mundo
938 3811 1017 3861 mella
1035 3809 1144 3858 ibidem:
1169 3813 1250 3859 tertio
1270 3810 1371 3858 decimo
1389 3805 1483 3856 lculen-

248 3901 253 3911 ·
351 3885 477 3943 apparatu
500 3895 548 3929 non
571 3888 697 3930 carentes.
730 3880 812 3930 Serra.
837 3879 895 3928 112
939 3880 990 3930 dcc
1002 3878 1142 3942 Augustae
1162 3877 1206 3926 eol
1222 3880 1249 3926 in
1267 3878 1369 3926 leonem
1383 3879 1484 3926 trauai-

351 3947 398 3997 65:
418 3948 536 3997 muudus
550 3952 617 4012 ctat,
639 3965 692 4015 qua
710 3965 764 3998 uon
777 3948 896 4015 offendat
940 3948 1090 4013 tumsecit.

350 4015 491 4078 sordibus,
513 4021 596 4082 atque
608 4021 636 4067 a'n
648 4024 774 4068 neutram
785 4021 896 4081 purtem
991 4017 1034 4066 20.
1054 4015 1112 4066 cole
1122 4043 1159 4052 -·
1170 4017 1271 4063 siccos:
1290 4014 1413 4064 eiusmodi
1427 4014 1482 4064 dies

351 4084 441 4134 cultue
454 4087 546 4134 miser.
939 4088 964 4136 in
978 4086 1041 4135 urbe
1054 4083 1232 4134 intolerabiles
1245 4083 1298 4132 ruri
1310 4083 1402 4146 ugeadi
1413 4090 1481 4133 sunt.

404 4153 445 4202 15.
461 4157 520 4202 stuc
532 4154 639 4203 aulaeis
651 4160 680 4204 et
692 4161 784 4205 ostro:
798 4154 895 4203 aulaea
939 4153 987 4204 llll
1001 4155 1033 4204 12
1048 4154 1094 4202 13:
1109 4152 1250 4202 adduxero
1262 4155 1335 4202 sitim
1349 4158 1482 4218 temporo,

351 4229 410 4270 sunt
427 4223 488 4272 uela
507 4224 623 4287 pretioso
641 4224 708 4273 otrio
726 4229 771 4272 aut
783 4221 895 4271 triclinio
940 4224 1063 4288 Vergilt5
1083 4221 1147 4271 adde
1162 4219 1171 4269 l
1187 4220 1217 4268 lt
1233 4219 1274 4269 17.

352 4297 440 4354 aperto
471 4291 633 4356 superposite
663 4300 689 4342 et
719 4305 832 4357 expanso
863 4291 895 4340 ad
992 4291 1104 4354 217-24.
1125 4289 1195 4339 Adeo
1211 4296 1329 4353 pastores
1341 4289 1444 4339 umbros
1457 4296 1483 4338 et
1553 4310 1560 4331 ·

351 4359 518 4408 auertendum
537 4361 615 4410 solem
641 4367 668 4410 et
691 4361 821 4426 puluerem
846 4358 893 4422 (ei.
940 4360 1012 4410 riuos
1024 4361 1169 4424 siluasque,
1188 4363 1276 4406 aestus
1295 4357 1394 4408 insoliti
1413 4357 1484 4407 dele-

351 4434 439 4478 anoot.
462 4429 494 4478 ad
517 4427 600 4478 Serm.
622 4428 643 4478 ll
664 4429 679 4478 8
699 4429 762 4491 54);
791 4433 895 4478 ostrum
940 4430 1061 4492 cimento,
1076 4434 1175 4494 petunt.

352 4493 417 4544 dixit
433 4503 521 4546 uestes
542 4499 672 4561 stragulas
691 4497 896 4562 colorispurpu-
992 4497 1121 4547 21-22.
1153 4495 1319 4545 umbras-
1339 4496 1483 4557 riuumpue

351 4563 403 4625 rei,
425 4565 518 4628 quibus
536 4566 630 4616 atrium
649 4567 674 4617 in
689 4568 760 4618 domo
774 4565 894 4632 opulente
931 4566 1029 4629 sescus
1045 4568 1170 4630 quaerit:
1189 4563 1291 4614 umbras
1311 4563 1430 4612 arborum
1448 4563 1484 4611 ri·

353 4633 431 4682 sterni
446 4634 514 4684 solat
526 4629 781 4706 (περιστρώματα).
940 4649 1049 4700 numque
1061 4634 1098 4683 ibi
1117 4635 1236 4684 fluentem
1256 4632 1368 4696 quaerit.
1392 4630 1485 4682 Pastor
