3884 5525
457 678 548 721 xxrtn
883 648 1151 704 Pununnottnrtu.

462 896 468 909 ,
543 826 625 890 llaec
652 825 747 909 prima
776 820 843 885 libri
865 820 969 905 ecloga
990 822 1085 885 altera
1107 799 1191 903 parte
1212 816 1283 881 anui
1306 818 1368 882 733
1391 818 1503 903 scripta
1525 830 1583 885 εει.

374 1020 377 1024 ¹
421 1003 425 1011 f
458 934 545 999 (loni.
568 932 706 996 Prooem.
727 929 793 1014 Epl.
818 928 831 991 l
855 928 921 991 bet
935 930 967 989 4.
993 928 1120 991 Ceterae
1142 924 1319 989 subsecutae
1341 935 1412 988 sunt
1434 926 1586 1007 usquead

458 1031 575 1105 initium
590 1038 660 1103 anni
677 1040 758 1113 7363
778 1056 851 1118 qnas
866 1055 932 1096 cnm
948 1032 1141 1113 absolnisset,
1157 1034 1235 1097 buno
1250 1032 1359 1095 librum
1376 1030 1537 1115 publicauit
1551 1052 1586 1093 ac

336 1147 342 1158 '
458 1148 558 1234 lepido
579 1144 696 1230 epilogo
719 1145 791 1224 (20)
814 1151 992 1226 prosecutus
1008 1150 1065 1203 est.
1090 1140 1259 1203 Editioncm
1275 1160 1353 1203 auno
1370 1140 1431 1204 736
1448 1140 1519 1221 (18)
1534 1160 1586 1222 pa·

358 1316 361 1322 .
457 1266 553 1318 rotam
570 1272 638 1315 esse
653 1250 722 1313 bino
737 1268 794 1331 ego
809 1248 937 1330 colligo,
960 1246 1038 1329 qnod
1059 1246 1134 1309 duae
1151 1248 1294 1330 epistulae
1316 1245 1535 1329 (tertiadecima
1556 1257 1587 1309 et

457 1358 713 1437 undeuicesima),
737 1374 814 1438 qnae
834 1364 954 1437 practer
973 1352 1121 1437 epilogum
1137 1352 1202 1416 inre
1218 1374 1273 1416 suo
1290 1374 1343 1437 pro
1360 1353 1518 1435 postremis
1534 1353 1587 1415 ba·

457 1462 585 1542 bentu'r,
609 1473 744 1547 spectant
766 1462 802 1525 ad
819 1458 962 1523 Carmina
983 1459 1038 1522 sub
1060 1459 1148 1532 finem
1170 1459 1241 1523 anni
1257 1462 1319 1524 735
1340 1458 1431 1522 edita.
1462 1458 1585 1523 Accedit

458 1572 534 1655 qnod
550 1590 629 1633 anno
644 1567 784 1653 proximo
800 1568 891 1645 (737)
907 1564 1047 1628 diuersae
1069 1586 1160 1629 curae
1177 1573 1207 1629 et
1221 1566 1341 1629 labores
1357 1564 1514 1628 Horatium
1530 1585 1585 1628 ex·

455 1687 600 1762 ceperunt
614 1685 646 1739 et
656 1674 692 1737 ab
704 1673 838 1757 epistulis
854 1692 907 1755 per
919 1671 1153 1754 quinquennium
1167 1676 1309 1752 (737-'1
1312 1674 1366 1753 42)
1379 1672 1582 1736 detinuerunt.

457 1784 564 1866 ltaque·
575 1782 688 1866 primns
704 1780 898 1864 epistularum
912 1777 989 1841 liber
1003 1779 1140 1860 proxime
1154 1788 1222 1862 post
1236 1790 1299 1843 tres
1314 1778 1476 1842 carminum
1492 1778 1586 1842 libros

458 1902 489 1955 et
511 1891 621 1973 epodos
640 1888 768 1950 emissus
790 1896 848 1949 est.
871 1884 990 1947 Etenim
1014 1884 1156 1968 epistolas
1179 1885 1242 1949 sale
1263 1886 1349 1968 nigro
1373 1906 1434 1949 nou
1456 1886 1586 1969 repletas

236 1997 240 2006 ’
373 2058 378 2065 ,
458 2007 585 2061 curtam
601 1995 652 2059 din
668 1994 747 2058 domi
762 1992 948 2071 contineret,
972 2002 1006 2053 ut
1026 1990 1096 2053 olim
1117 1992 1226 2055 satiras
1246 1992 1277 2055 in
1298 1991 1445 2076 publicum
1466 1992 1585 2078 prodire

458 2104 587 2166 humane
602 2100 805 2186 prohibuerat,
822 2098 897 2162 nibil
911 2116 1023 2163 causae
1038 2097 1144 2161 adluit.

969 2400 1075 2463 vnn.

723 2550 773 2632 un
789 2550 996 2615 omniumr
1014 2548 1128 2614 urano
1147 2548 1317 2630 pranso.

542 2740 586 2803 Ad
610 2739 762 2819 carmina,
786 2739 855 2803 olim
879 2743 988 2804 omissa
1013 2748 1043 2801 et
1064 2737 1121 2820 ipsi
1141 2736 1308 2801 Maecenati
1331 2737 1495 2821 denegata,
1518 2748 1586 2823 post

456 2847 577 2931 longum
593 2847 785 2911 interuallum
800 2859 834 2909 ut
847 2847 977 2920 rediret,
1004 2843 1144 2906 noluntas
1162 2843 1231 2906 lecit
1246 2843 1310 2907 cius
1326 2844 1376 2926 qui
1392 2864 1500 2927 cogere
1517 2866 1586 2927 pos·

457 2965 515 3018 set.
546 2952 699 3035 Augustus
730 2952 808 3014 enim
832 2951 1002 3015 saeculares
1025 2948 1110 3012 ludos
1131 2949 1265 3012 editurus
1288 2969 1366 3012 anno
1390 2953 1451 3013 737
1475 2953 1530 3029 (17
1553 2971 1582 3012 a.

459 3059 549 3138 Cbr.)
564 3058 720 3151 saeculare
736 3076 855 3119 carmen
871 3056 996 3119 Horatio
1011 3055 1178 3118 laciendum
1194 3053 1345 3132 iniunxit,
1363 3054 1479 3138 publico
1494 3056 1586 3118 docn-

456 3173 558 3226 mento
574 3172 701 3229 testatus
717 3161 764 3224 cni
779 3162 952 3224 Latinorum
968 3172 1122 3245 poetarum
1138 3160 1249 3244 primas
1263 3160 1421 3224 tribueret.
1445 3161 1585 3226 Horatius

457 3289 533 3332 onus
556 3266 726 3350 impositum
749 3267 882 3350 suscepit
902 3287 938 3330 ao
958 3266 1132 3330 felicissimo
1153 3285 1294 3330 successu
1316 3267 1353 3330 ad
1373 3267 1461 3329 linem
1485 3267 1584 3332 duait.

456 3375 566 3437 Eadem
583 3372 704 3437 occasio
719 3373 776 3434 dno
791 3373 849 3436 alia
871 3373 1005 3436 carmina
1026 3373 1191 3451 excitauit,
1213 3373 1286 3435 illud
1308 3375 1385 3455 qnod
1408 3385 1498 3438 sexto
1518 3376 1585 3439 loco

368 3505 376 3518 ·
457 3479 524 3544 libri
540 3479 636 3564 quarti
652 3479 781 3542 locatum
797 3489 844 3542 est
858 3489 890 3542 et
904 3481 981 3562 quod
998 3481 1118 3544 tertium
1133 3480 1227 3543 locum
1244 3478 1369 3543 obtinet.
1395 3481 1501 3544 Priore
1516 3501 1586 3566 poe-

457 3598 535 3651 mate
559 3605 680 3649 carmen
701 3587 857 3650 saeculare
879 3608 897 3650 a
919 3606 953 3650 sc
974 3589 1083 3650 factum
1106 3597 1137 3650 et
1157 3606 1230 3649 mox
1245 3585 1420 3652 cantandum
1436 3589 1587 3653 nuntiauit

458 3714 493 3757 nc
508 3692 709 3777 praeparauit.
735 3694 769 3756 ln
784 3695 898 3773 altero,
923 3695 1001 3778 quod
1016 3704 1083 3777 post
1097 3709 1150 3758 eos
1165 3693 1252 3758 ludos
1269 3694 1394 3771 cecinit,
1419 3693 1586 3757 admirabili

456 3799 652 3884 temperantia
667 3799 795 3883 gloriam
809 3823 888 3864 nono
903 3800 1037 3864 carmine
1052 3811 1166 3883 partam
1183 3800 1218 3863 nd
1231 3801 1440 3883 Melpomenen
1454 3801 1584 3878 rettulit,

457 3907 544 3969 simul
565 3907 678 3991 praedii
694 3907 845 3970 Tiburtini
866 3929 961 3990 nuper
982 3907 1095 3994 accepti
1120 3907 1174 3984 (cl.
1193 3906 1228 3968 ad
1245 3905 1299 3968 llll
1320 3908 1338 3969 3
1358 3909 1396 3970 10
1412 3911 1495 3990 sqq.)
1518 3928 1586 3991 gra-

456 4021 516 4076 tam
539 4014 719 4076 mentionem
740 4013 854 4076 iniecit.
889 4013 938 4076 Sic
958 4014 991 4075 in
1013 4023 1145 4076 ueterem
1169 4013 1267 4076 ludum
1294 4023 1412 4096 praetor
1432 4033 1513 4097 spem
1537 4032 1586 4075 re-

457 4119 558 4203 lapsus
574 4120 663 4182 etiam
679 4121 787 4183 ceteris
806 4119 910 4183 amicis
932 4119 1042 4182 iterum
1064 4119 1220 4204 indulgere
1243 4130 1273 4182 et
1295 4119 1391 4204 magis
1413 4119 1585 4182 commodus

457 4245 525 4288 esse
540 4225 645 4308 eoepit
666 4225 769 4309 ltaque
784 4227 928 4290 nonnulla
942 4225 1075 4288 carmina
1092 4225 1202 4290 cecinit
1217 4249 1235 4289 a
1249 4226 1398 4289 nobilibus
1413 4224 1586 4288 adolescen-

443 4325 536 4395 ¹tibus
559 4332 664 4415 cupido
687 4342 863 4415 expectata,
882 4331 1031 4395 ‘nonnulla
1054 4332 1168 4394 addidit
1186 4333 1217 4395 in
1240 4332 1383 4396 bonorem
1406 4331 1535 4414 Augusti
1556 4340 1587 4392 et

455 4439 492 4501 ad
509 4448 673 4521 temporum
692 4440 865 4503 felicitatem
881 4437 996 4502 meritis
1012 4437 1148 4502 laudibus
1164 4439 1374 4502 decorandam.
1406 4437 1489 4500 Adeo
1505 4437 1585 4497 ioco-

457 4564 523 4607 rum
553 4545 661 4628 aliquid
691 4565 852 4630 aspergere
882 4565 942 4608 uon
971 4544 1144 4628 dedignatus
1174 4556 1230 4608 est.
1268 4545 1379 4606 Eodem
1409 4542 1531 4605 tramite
1552 4551 1586 4604 ut

457 4653 645 4735 procederet,
663 4652 770 4717 iterum
787 4653 915 4738 Augusti
931 4643 1068 4716 mabdata
1085 4655 1230 4717 lecerunt.
1253 4649 1406 4734 Angustus
1423 4647 1502 4712 enim
1518 4657 1587 4731 post
