3884 5525
793 629 971 682 cunmtttvtt
990 630 999 681 Ι
1020 631 1062 680 32.

860 973 993 1035 XXXII.

559 1126 747 1190 dosoimtrr.
773 1126 873 1201 siquid
890 1127 983 1186 uacui
999 1126 1057 1186 sub
1074 1113 1180 1186 irmina

571 1240 703 1299 lusimus
720 1243 834 1313 tecum,
852 1237 931 1312 quod
949 1237 1077 1297 etimne
1093 1237 1124 1296 in
1142 1251 1258 1297 animm

429 1418 467 1467 Ad
477 1411 564 1466 Liram
573 1419 607 1468 A.

357 1486 518 1536 carminibus
531 1487 585 1535 suis
598 1486 630 1536 d.

431 1555 455 1604 l.
475 1555 620 1604 Diomedes
634 1553 653 1604 l.
664 1571 686 1604 c.

713 1417 911 1482 Prosplroneticc
924 1417 956 1466 ad
969 1417 1052 1483 lyram
1060 1415 1093 1464 B.

1199 1414 1339 1479 Prospbou.
1352 1414 1382 1464 ad
1398 1415 1447 1482 lyr.
1459 1415 1489 1464 dc

795 1554 870 1604 1-2.
891 1561 974 1603 tecum
987 1553 1100 1602 Seruius
1113 1553 1150 1602 od
1162 1552 1265 1616 Vergil.
1281 1552 1338 1600 Eri.
1357 1551 1367 1600 1
1386 1552 1425 1600 iti.

360 1624 388 1672 l.
407 1621 537 1673 Posuimur
547 1639 583 1687 pr
594 1625 635 1688 Bg
649 1629 705 1672 tres
718 1623 861 1672 Blandinii
872 1621 1012 1672 Diomedes
1023 1622 1113 1670 Acron
1128 1637 1160 1679 ς.·
1174 1620 1408 1670 PoscimusAGHm
1422 1635 1490 1668 unns

357 1692 527 1742 Blandim'ae
538 1693 680 1741 Diomedes
693 1692 782 1741 altero
795 1692 854 1740 loco
866 1692 940 1756 (nom
954 1692 995 1739 dis
1004 1689 1100 1750 dodel)
1113 1690 1294 1756 Porphyrion.
1317 1688 1410 1739 Seruii
1421 1687 1491 1739 codi-

357 1762 564 1826 ceefluetoont.
671 1760 697 1810 2.
718 1758 756 1826 ia]
770 1775 816 1825 per
830 1759 861 1810 G.

411 1929 497 1982 Germ.
512 1928 626 1980 xxxa.
641 1927 807 1979 Prooemium.
825 1927 905 1979 Nunc

358 2035 420 2070 mom
433 2020 470 2070 od
480 2019 629 2069 canendum
639 2033 747 2082 poscor,
764 2019 816 2080 dio,
831 2019 902 2084 lyra,

358 2125 469 2159 carmen
483 2101 612 2158 Latinum
632 2108 782 2171 eiusmodi,
801 2111 829 2156 in
850 2123 904 2171 quo

357 2198 435 2262 opud
452 2199 523 2248 ct‘ner
546 2213 610 2247 suos
628 2197 755 2247 woelluil
775 2197 903 2246 Alcaeus.

357 2285 481 2347 (Metram
495 2286 656 2352 Sappbicum)

412 2405 630 2471 Quemadmodum
644 2405 765 2454 Horatius
776 2404 905 2454 saeculari

358 2475 466 2525 carmini
479 2475 605 2539 praelusit
617 2474 669 2522 alio
687 2474 784 2522 minore
797 2472 852 2536 (liii
866 2475 904 2533 6),

359 2546 400 2594 sic
418 2545 443 2592 in
463 2544 510 2592 lroc
528 2550 645 2608 poemate
663 2543 733 2592 aliud
747 2542 905 2604 grauiusuei

358 2613 411 2662 alia
430 2613 529 2661 maiora
548 2613 578 2660 ad
592 2612 681 2660 Alcaei
696 2627 791 2660 morem
805 2625 905 2676 compo-

360 2681 443 2730 nenda
457 2681 619 2730 anunntiuuit
631 2695 707 2744 seque
719 2687 834 2742 rogatum
847 2694 905 2728 esse

359 2751 404 2815 qui
417 2756 531 2812 caueret,
543 2749 673 2813 professus
686 2756 734 2799 est.
754 2748 802 2813 Qui
816 2764 905 2799 saecu-

358 2821 416 2869 lare
429 2834 531 2869 carmen
547 2818 657 2869 nuntiari
672 2824 835 2883 putauerunt,
857 2817 905 2867 ial-

947 1928 1015 1978 enim
1030 1926 1082 1977 iore
1096 1927 1205 1977 eredidit
1218 1926 1368 1992 Maecenas,
1385 1935 1413 1977 ut
1426 1943 1490 1992 quae

946 1996 1078 2059 Augustus
1096 1995 1195 2060 iegibus
1218 1997 1331 2046 terendis
1352 2005 1378 2046 et
1400 1997 1491 2047 edictis

947 2065 1108 2130 publicandis
1125 2066 1156 2114 ad
1171 2066 1340 2115 emendandos
1353 2081 1436 2116 moros
1448 2081 1491 2130 po·

947 2134 1000 2198 puli
1015 2132 1119 2182 llomani
1139 2135 1213 2183 etad
1234 2135 1401 2184 stabiliendas
1422 2135 1490 2197 leges

948 2203 1067 2266 antiques
1084 2202 1232 2266 moliretur,
1256 2203 1376 2253 lloratius
1394 2203 1492 2252 dulcis-

948 2271 1020 2320 simis
1032 2271 1187 2320 carminibus
1200 2273 1386 2320 commendaret
1402 2279 1428 2320 et
1440 2272 1491 2336 pri-

947 2355 1032 2388 mores
1056 2340 1140 2403 populi
1166 2340 1212 2388 bno
1236 2341 1277 2389 uia
1304 2341 1336 2388 ud
1357 2341 1490 2388 meliorem

948 2408 1045 2471 frugem
1070 2414 1241 2457 conuerteret.
1267 2408 1328 2456 Cum
1353 2408 1398 2456 illa
1421 2407 1490 2456 tertii

948 2475 1007 2525 iibri
1019 2475 1132 2524 carmina
1146 2490 1211 2524 auno
1231 2475 1303 2524 urbis
1323 2475 1372 2524 726
1391 2483 1416 2524 et
1434 2491 1491 2540 pro·

947 2545 1015 2592 ximo
1029 2543 1167 2607 composita
1181 2544 1245 2605 sint,
1260 2543 1306 2592 hoc
1320 2544 1410 2608 dequo
1426 2559 1490 2592 nunc

948 2612 1090 2677 loquimur,
1110 2627 1176 2660 anuo
1196 2613 1244 2661 726
1264 2615 1297 2670 (a.
1314 2612 1375 2660 Chr.
1390 2612 1433 2672 28)
1451 2627 1490 2660 us-

948 2681 1115 2744 signabimus.
1135 2680 1161 2728 Si
1176 2681 1366 2744 qnisquaerut,
1387 2696 1432 2728 cur
1445 2681 1490 2728 boc

948 2767 1038 2801 munins
1056 2749 1161 2799 Horatio
1180 2766 1194 2798 a
1215 2747 1363 2799 Maecenate
1382 2756 1408 2797 et
1422 2749 1489 2814 prin-

947 2820 1002 2885 cipe
1016 2819 1158 2883 irnpositum
1173 2818 1222 2880 sit,
1242 2820 1282 2881 ei,
1304 2818 1325 2867 si
1345 2819 1489 2867 coniectura

359 2890 463 2951 luatur,
484 2887 549 2952 quod
572 2889 628 2936 cius
647 2888 801 2952 prooemium
822 2893 903 2947 extat,
947 2896 1083 2937 contentus
1103 2902 1159 2936 esse
1182 2886 1260 2949 uelit,
1283 2903 1384 2936 cuasam
1410 2886 1489 2935 inisse

360 2964 389 3006 et
412 2957 478 3020 quod
503 2963 558 3005 tres
583 2956 655 3020 primi
681 2957 820 3005 carnii-um
845 2954 904 3003 libri
948 2955 1120 3021 responderim
1140 2956 1199 3005 libri
1221 2956 1290 3005 tertii
1310 2971 1410 3005 carmen
1424 2956 1491 3003 uice-

359 3026 422 3074 editi
436 3033 511 3088 suut,
533 3033 668 3089 antequam
689 3026 742 3075 ludi
756 3024 905 3073 saeculares
947 3027 1037 3075 simum
1059 3031 1192 3088 quartum,
1212 3025 1285 3089 primi
1311 3025 1368 3073 libri
1391 3024 1491 3073 tricesi-

359 3094 567 3143 celcbrabautur.
593 3094 699 3143 Accedit
718 3093 783 3157 quod
802 3108 904 3141 carmen
947 3110 1012 3143 nrum
1035 3094 1157 3159 primum,
1183 3094 1244 3143 illud
1268 3109 1332 3143 anno
1355 3093 1420 3155 725,
1444 3094 1491 3143 boc
1578 3115 1582 3123 ¹

359 3162 495 3212 saeculare
520 3162 635 3226 strophas
661 3160 799 3226 Sapphicas
818 3161 903 3224 babet,
948 3180 971 3213 a.
989 3162 1039 3212 mo
1057 3169 1196 3211 cantatum.
1221 3160 1343 3211 Nimirum
1363 3162 1421 3211 inde
1440 3160 1490 3211 uiri

359 3248 408 3280 nou
421 3238 530 3279 metrum
542 3230 682 3279 alcaicum.
698 3231 748 3279 Atii
759 3230 905 3292 cogitarunt
947 3232 1118 3299 perspicaces,
1130 3230 1206 3281 facile
1229 3232 1275 3280 boc
1297 3230 1489 3294 intellegebant,

358 3300 392 3349 de
415 3299 528 3348 carmine
553 3299 611 3347 libri
639 3298 713 3363 primi
744 3298 902 3348 duodecimo.
947 3301 1127 3365 sapientiorem
1139 3300 1489 3365 bonimorispraeceptorem,

358 3368 409 3418 eui
429 3367 592 3417 coniecturae
612 3368 682 3416 locas
701 3366 820 3416 carminis
833 3366 904 3415 illius
948 3384 1021 3433 quam
1055 3368 1102 3418 luit
1132 3368 1269 3432 Horatius,
1300 3368 1410 3419 inueniri
1442 3383 1489 3417 non

359 3444 386 3486 et
410 3436 509 3486 numeri
533 3436 605 3485 iuxta
625 3443 778 3500 repugnant.
803 3435 905 3497 Cogitet
948 3454 1032 3503 posse.

358 3506 429 3555 alius
448 3506 479 3554 de
498 3505 611 3553 carmine
624 3506 657 3553 35
677 3505 751 3554 buius
766 3504 839 3553 libri:
860 3503 903 3552 sed
1002 3506 1025 3554 1.
1037 3509 1197 3571 poscimur:
1216 3506 1344 3571 poscimur
1360 3513 1389 3555 ut
1405 3512 1491 3555 eante-

358 3574 424 3623 illud
449 3573 567 3637 quamuis
591 3588 670 3637 graue
695 3588 742 3623 uon
768 3580 852 3621 tamen
873 3586 903 3621 ea
947 3590 1017 3636 mus3
1039 3575 1082 3623 sed
1097 3575 1490 3625 notioutoontemorcoutinuo

359 3643 485 3705 dignitate
499 3642 604 3690 uidetur
615 3658 673 3691 esse
679 3679 688 3704 ,
709 3649 738 3690 ut
755 3642 800 3691 tali
814 3656 905 3706 prooe-
948 3658 994 3708 per
1013 3650 1067 3691 tres
1086 3644 1203 3706 strophas
1221 3644 1258 3692 ita
1277 3642 1437 3707 explicatur,
1463 3649 1492 3690 ut

359 3713 409 3761 mio
422 3710 599 3776 praeludatur.
614 3709 707 3759 Verum
721 3710 905 3775 quaerentibus
949 3714 996 3761 boc
1014 3710 1194 3759 breuissimum
1212 3712 1371 3760 enuntiatum
1389 3710 1490 3772 (posci-

360 3780 448 3842 nobis,
469 3795 517 3845 quo
531 3780 633 3829 taudem
647 3778 777 3828 referatur
790 3780 836 3827 boc
848 3794 905 3843 pro-
947 3782 1021 3840 mter)
1053 3792 1108 3826 cum
1145 3779 1288 3843 longissimo
1318 3786 1490 3842 componatur.

359 3849 487 3912 oemium,
513 3855 652 3913 opportune
676 3864 704 3897 se
728 3847 836 3897 olierunt
860 3862 905 3896 sex
949 3848 1105 3913 Quamquam
1125 3846 1185 3895 libri
1205 3855 1306 3897 ueteres
1326 3847 1489 3911 interposui·

359 3917 473 3966 carmina
486 3916 570 3982 prima
584 3916 642 3965 libri
663 3916 750 3979 tertii,
771 3931 837 3980 quae
854 3931 905 3965 uno
948 3930 1011 3966 mur
1023 3923 1048 3966 et
1058 3920 1195 3980 poscimus
1205 3915 1268 3965 mire
1277 3918 1409 3977 fluctuant,
1420 3916 1491 3980 prius

359 3986 468 4035 oonsilio
489 3985 632 4049 conscripta
652 3992 678 4034 et
696 3985 778 4034 omnia
795 3984 905 4034 numeris
949 3993 1033 4035 tamen
1052 3984 1126 4035 unice
1145 3998 1232 4034 uerum
1248 3999 1305 4034 esse
1317 3984 1393 4033 lacile
1407 3991 1446 4033 est
1459 3985 1490 4033 ad

359 4055 522 4119 strophisque
543 4053 655 4103 Alcaicis
677 4054 816 4119 composita
837 4059 904 4102 sunt.
950 4054 1165 4115 intellegendum:
1196 4068 1252 4102 nam
1279 4054 1384 4103 uerbum
1409 4054 1492 4120 passi-

358 4122 398 4172 lia
411 4124 511 4173 demum
525 4122 591 4171 satis
606 4122 706 4185 grauia,
728 4123 791 4171 setis
804 4136 905 4184 magna,
949 4139 1007 4171 uum
1021 4122 1125 4187 implere
1138 4125 1294 4172 enuntiatum
1312 4129 1409 4188 potest,
1429 4122 1492 4171 acti-

359 4206 423 4256 quae
449 4191 566 4241 sollemni
591 4191 702 4239 carmine
727 4191 906 4256 praenuntien·
949 4206 1007 4240 uum
1028 4206 1075 4239 uon
1095 4198 1187 4256 potest.
1207 4192 1289 4241 Acron
1309 4193 1492 4256 interpretatus

359 4268 411 4309 tur.
438 4258 501 4323 Quis
522 4258 600 4307 luerit
621 4260 663 4324 qui
688 4260 803 4325 poposcit
825 4258 905 4307 Hora-
948 4260 1152 4324 cstscripturam
1162 4265 1311 4325 poscimur,
1333 4259 1491 4326 Porphyrion

360 4330 440 4390 tium,
462 4331 489 4378 in
512 4328 621 4377 obscuro
643 4343 701 4377 esse
724 4328 819 4391 nequit.
846 4326 906 4375 Fuit
946 4332 1093 4395 poscimus.
1117 4326 1182 4377 iilud
1201 4330 1294 4379 dictum
1313 4336 1352 4378 est
1369 4330 1400 4377 ad
1421 4335 1492 4377 uete-

359 4396 507 4459 Macccnas‚
519 4396 563 4461 qui
577 4410 623 4445 sua
636 4403 725 4461 sponte
738 4404 783 4445 aut
796 4396 906 4460 impulsu
949 4414 1002 4447 rem
1017 4412 1127 4458 morem,
1148 4412 1195 4461 quo
1209 4404 1350 4447 certatores
1363 4412 1408 4445 suo
1422 4395 1492 4460 quis-

361 4467 485 4532 priacipis
498 4464 608 4528 Augusti
628 4480 683 4514 cum
696 4465 802 4514 lloratio
815 4464 868 4525 egit
880 4469 907 4512 et
949 4482 997 4532 quc
1019 4466 1074 4514 loco
1096 4464 1127 4513 ad
1149 4474 1237 4531 partes
1259 4464 1418 4523 uocabantur
1436 4462 1491 4513 siue

361 4536 475 4599 optauit,
496 4542 528 4584 ut
545 4534 577 4582 de
596 4534 703 4583 colenda
724 4534 791 4583 omui
809 4533 906 4581 uirtute
950 4535 1129 4600 poscebantur.

361 4601 404 4664 (lli
418 4604 510 4667 1-4),
524 4603 557 4651 dc
570 4602 652 4665 patria
667 4603 761 4652 tuenda
774 4608 801 4651 et
813 4601 852 4650 dis
864 4600 906 4665 pio
1004 4602 1079 4651 1-3.
1099 4602 1190 4667 siquid
1206 4603 1331 4650 uacui-
1345 4606 1372 4649 et
1380 4598 1491 4663 plores:

361 4673 517 4723 uenerandis
540 4668 587 4736 (lli
609 4672 701 4736 5-6)
722 4676 841 4732 caueret3
868 4668 907 4717 'sio
950 4672 1014 4721 dicit
1031 4670 1144 4721 cunnina
1165 4670 1261 4719 ludicra
1275 4675 1300 4717 ct
1313 4666 1410 4718 Musam
1424 4668 1491 4718 ioco-
