<?xml version="1.0" encoding="UTF-8"?>
<!DOCTYPE html PUBLIC "-//W3C//DTD XHTML 1.0 Transitional//EN"
    "http://www.w3.org/TR/xhtml1/DTD/xhtml1-transitional.dtd">
<html xmlns="http://www.w3.org/1999/xhtml" xml:lang="en" lang="en">
 <head>
  <title>
</title>
<meta http-equiv="Content-Type" content="text/html;charset=utf-8" />
  <meta name='ocr-system' content='tesseract 3.04.00' />
  <meta name='ocr-capabilities' content='ocr_page ocr_carea ocr_par ocr_line ocrx_word'/>
</head>
<body>
  <div class='ocr_page' id='page_1' title='image "./horatiicarminae00rittgoog/horatiicarminae00rittgoog_0011.png"; bbox 0 0 3884 5525; ppageno 0'>
   <div class='ocr_carea' id='block_1_1' title="bbox 559 675 1572 767">
    <p class='ocr_par' dir='ltr' id='par_1_1' title="bbox 559 675 1572 767">
     <span class='ocr_line' id='line_1_1' title="bbox 559 675 1572 767; baseline 0 -4"><span class='ocrx_word' id='word_1_1' title='bbox 559 712 580 764; x_wconf 92' lang='lat'>1.</span> <span class='ocrx_word' id='word_1_2' title='bbox 606 712 651 763; x_wconf 77' lang='lat' dir='ltr'>ltu</span> <span class='ocrx_word' id='word_1_3' title='bbox 665 711 744 764; x_wconf 79' lang='lat' dir='ltr'>Vttn</span> <span class='ocrx_word' id='word_1_4' title='bbox 758 712 893 764; x_wconf 76' lang='lat' dir='ltr'>floutttt</span> <span class='ocrx_word' id='word_1_5' title='bbox 907 715 929 765; x_wconf 79' lang='grc' dir='ltr'><strong>Α</strong></span> <span class='ocrx_word' id='word_1_6' title='bbox 942 712 1113 765; x_wconf 81' lang='lat' dir='ltr'>SVETONlO</span> <span class='ocrx_word' id='word_1_7' title='bbox 1127 712 1295 767; x_wconf 73' lang='lat' dir='ltr'>nunaunt.</span> <span class='ocrx_word' id='word_1_8' title='bbox 1449 722 1489 765; x_wconf 86' lang='lat' dir='ltr'>vtt</span> <span class='ocrx_word' id='word_1_9' title='bbox 1566 675 1572 689; x_wconf 42' lang='grc' dir='ltr'>Ι</span> 
     </span>
    </p>
   </div>
   <div class='ocr_carea' id='block_1_2' title="bbox 287 866 1523 4146">
    <p class='ocr_par' dir='ltr' id='par_1_2' title="bbox 287 866 1523 4146">
     <span class='ocr_line' id='line_1_2' title="bbox 357 866 1492 955; baseline 0.004 -27"><span class='ocrx_word' id='word_1_10' title='bbox 357 867 417 929; x_wconf 82' lang='lat' dir='ltr'>scd</span> <span class='ocrx_word' id='word_1_11' title='bbox 430 866 655 941; x_wconf 66' lang='lat' dir='ltr'>indoctaicee&#39;me,</span> <span class='ocrx_word' id='word_1_12' title='bbox 670 870 754 931; x_wconf 82' lang='lat' dir='ltr'>inter</span> <span class='ocrx_word' id='word_1_13' title='bbox 764 890 843 952; x_wconf 81' lang='lat' dir='ltr'>quos</span> <span class='ocrx_word' id='word_1_14' title='bbox 856 879 957 933; x_wconf 83' lang='lat' dir='ltr'>tomen</span> <span class='ocrx_word' id='word_1_15' title='bbox 974 890 1036 930; x_wconf 85' lang='lat' dir='ltr'>unu</span> <span class='ocrx_word' id='word_1_16' title='bbox 1050 870 1167 931; x_wconf 75' lang='lat' dir='ltr'>eminio</span> <span class='ocrx_word' id='word_1_17' title='bbox 1173 869 1258 951; x_wconf 72' lang='lat' dir='ltr'>suet,</span> <span class='ocrx_word' id='word_1_18' title='bbox 1272 890 1353 955; x_wconf 85' lang='lat' dir='ltr'>quae</span> <span class='ocrx_word' id='word_1_19' title='bbox 1365 874 1492 934; x_wconf 81' lang='lat' dir='ltr'>tametsi</span> 
     </span>
     <span class='ocr_line' id='line_1_3' title="bbox 357 973 1490 1061; baseline 0.005 -26"><span class='ocrx_word' id='word_1_20' title='bbox 357 974 446 1035; x_wconf 85' lang='lat' dir='ltr'>nullu</span> <span class='ocrx_word' id='word_1_21' title='bbox 462 975 556 1037; x_wconf 81' lang='lat' dir='ltr'>titulo</span> <span class='ocrx_word' id='word_1_22' title='bbox 573 985 731 1037; x_wconf 72' lang='lat' dir='ltr'><em>auctorem</em></span> <span class='ocrx_word' id='word_1_23' title='bbox 745 995 834 1037; x_wconf 84' lang='lat' dir='ltr'>suum</span> <span class='ocrx_word' id='word_1_24' title='bbox 846 973 1067 1059; x_wconf 56' lang='lat' dir='ltr'>ponderabat,</span> <span class='ocrx_word' id='word_1_25' title='bbox 1090 977 1169 1059; x_wconf 71' lang='lat' dir='ltr'>styli</span> <span class='ocrx_word' id='word_1_26' title='bbox 1181 986 1282 1039; x_wconf 84' lang='lat' dir='ltr'>tumeo</span> <span class='ocrx_word' id='word_1_27' title='bbox 1293 979 1394 1061; x_wconf 79' lang='lat' dir='ltr'>&#39;genio</span> <span class='ocrx_word' id='word_1_28' title='bbox 1409 981 1490 1041; x_wconf 77' lang='lat' dir='ltr'>satis</span> 
     </span>
     <span class='ocr_line' id='line_1_4' title="bbox 359 1079 1489 1156; baseline 0.004 -16"><span class='ocrx_word' id='word_1_29' title='bbox 359 1079 565 1156; x_wconf 63' lang='lat' dir='ltr'>declarabat,</span> <span class='ocrx_word' id='word_1_30' title='bbox 587 1102 622 1143; x_wconf 84' lang='lat' dir='ltr'>sc</span> <span class='ocrx_word' id='word_1_31' title='bbox 644 1101 737 1143; x_wconf 85' lang='lat' dir='ltr'>unum</span> <span class='ocrx_word' id='word_1_32' title='bbox 759 1102 802 1143; x_wconf 71' lang='lat' dir='ltr'>ecc</span> <span class='ocrx_word' id='word_1_33' title='bbox 824 1080 916 1143; x_wconf 65' lang='lat' dir='ltr'>libres</span> <span class='ocrx_word' id='word_1_34' title='bbox 932 1080 1078 1144; x_wconf 80' lang='lat' dir='ltr'>Suetonii</span> <span class='ocrx_word' id='word_1_35' title='bbox 1098 1103 1174 1143; x_wconf 88' lang='lat' dir='ltr'>esse.</span> <span class='ocrx_word' id='word_1_36' title='bbox 1212 1081 1324 1147; x_wconf 88' lang='lat' dir='ltr'>Nannii</span> <span class='ocrx_word' id='word_1_37' title='bbox 1338 1082 1489 1147; x_wconf 87' lang='lat' dir='ltr'>Miscella-</span> 
     </span>
     <span class='ocr_line' id='line_1_5' title="bbox 358 1186 1489 1273; baseline 0.002 -22"><span class='ocrx_word' id='word_1_38' title='bbox 358 1209 485 1251; x_wconf 91' lang='lat' dir='ltr'>neorum</span> <span class='ocrx_word' id='word_1_39' title='bbox 510 1186 580 1249; x_wconf 80' lang='lat' dir='ltr'>libri</span> <span class='ocrx_word' id='word_1_40' title='bbox 602 1187 705 1249; x_wconf 91' lang='lat' dir='ltr'>decem</span> <span class='ocrx_word' id='word_1_41' title='bbox 720 1187 791 1251; x_wconf 88' lang='lat' dir='ltr'>editi</span> <span class='ocrx_word' id='word_1_42' title='bbox 814 1198 885 1250; x_wconf 89' lang='lat' dir='ltr'>sunt</span> <span class='ocrx_word' id='word_1_43' title='bbox 899 1186 1037 1271; x_wconf 84' lang='lat' dir='ltr'>Lugduni</span> <span class='ocrx_word' id='word_1_44' title='bbox 1053 1187 1233 1251; x_wconf 87' lang='lat' dir='ltr'>Batauorum</span> <span class='ocrx_word' id='word_1_45' title='bbox 1250 1190 1326 1273; x_wconf 87' lang='lat' dir='ltr'>apud</span> <span class='ocrx_word' id='word_1_46' title='bbox 1342 1189 1489 1273; x_wconf 84' lang='lat' dir='ltr'>Beringos</span> 
     </span>
     <span class='ocr_line' id='line_1_6' title="bbox 359 1292 1487 1379; baseline 0.002 -22"><span class='ocrx_word' id='word_1_47' title='bbox 359 1297 400 1357; x_wconf 80' lang='lat' dir='ltr'>fr.</span> <span class='ocrx_word' id='word_1_48' title='bbox 426 1316 456 1357; x_wconf 91' lang='lat' dir='ltr'>a.</span> <span class='ocrx_word' id='word_1_49' title='bbox 478 1294 579 1371; x_wconf 85' lang='grc'>1548,</span> <span class='ocrx_word' id='word_1_50' title='bbox 608 1294 719 1377; x_wconf 78' lang='lat' dir='ltr'>recepti</span> <span class='ocrx_word' id='word_1_51' title='bbox 742 1292 774 1357; x_wconf 91' lang='lat' dir='ltr'>in</span> <span class='ocrx_word' id='word_1_52' title='bbox 795 1294 976 1377; x_wconf 88' lang='lat' dir='ltr'>Lampadem</span> <span class='ocrx_word' id='word_1_53' title='bbox 999 1292 1118 1356; x_wconf 89' lang='lat' dir='ltr'>Gruteri</span> <span class='ocrx_word' id='word_1_54' title='bbox 1141 1294 1192 1357; x_wconf 87' lang='lat' dir='ltr'>t.l</span> <span class='ocrx_word' id='word_1_55' title='bbox 1216 1316 1245 1379; x_wconf 87' lang='lat' dir='ltr'>p.</span> <span class='ocrx_word' id='word_1_56' title='bbox 1265 1296 1487 1361; x_wconf 82' lang='lat'><strong>1223-1386.</strong></span> 
     </span>
     <span class='ocr_line' id='line_1_7' title="bbox 360 1398 1490 1483; baseline 0.002 -20"><span class='ocrx_word' id='word_1_57' title='bbox 360 1402 480 1483; x_wconf 88' lang='lat' dir='ltr'>Septem</span> <span class='ocrx_word' id='word_1_58' title='bbox 502 1400 590 1463; x_wconf 89' lang='lat' dir='ltr'>anuis</span> <span class='ocrx_word' id='word_1_59' title='bbox 611 1398 843 1482; x_wconf 76' lang='lat' dir='ltr'>postularemus</span> <span class='ocrx_word' id='word_1_60' title='bbox 858 1402 1004 1463; x_wconf 81' lang='lat' dir='ltr'>Mvnervs</span> <span class='ocrx_word' id='word_1_61' title='bbox 1026 1400 1058 1462; x_wconf 90' lang='lat' dir='ltr'>in</span> <span class='ocrx_word' id='word_1_62' title='bbox 1074 1400 1198 1463; x_wconf 87' lang='lat' dir='ltr'>Horatio</span> <span class='ocrx_word' id='word_1_63' title='bbox 1214 1400 1350 1466; x_wconf 86' lang='lat' dir='ltr'>Venetiis</span> <span class='ocrx_word' id='word_1_64' title='bbox 1365 1426 1394 1467; x_wconf 84' lang='lat' dir='ltr'>a.</span> <span class='ocrx_word' id='word_1_65' title='bbox 1409 1406 1490 1467; x_wconf 91' lang='grc'>1555</span> 
     </span>
     <span class='ocr_line' id='line_1_8' title="bbox 287 1506 1488 1591; baseline 0.002 -21"><span class='ocrx_word' id='word_1_66' title='bbox 287 1530 291 1535; x_wconf 79' lang='grc'>’</span> <span class='ocrx_word' id='word_1_67' title='bbox 360 1507 442 1570; x_wconf 91' lang='lat' dir='ltr'>edito</span> <span class='ocrx_word' id='word_1_68' title='bbox 457 1507 583 1570; x_wconf 87' lang='lat' dir='ltr'>eandem</span> <span class='ocrx_word' id='word_1_69' title='bbox 595 1506 686 1568; x_wconf 87' lang='lat' dir='ltr'>uitam</span> <span class='ocrx_word' id='word_1_70' title='bbox 702 1506 862 1588; x_wconf 87' lang='lat' dir='ltr'>publicauit</span> <span class='ocrx_word' id='word_1_71' title='bbox 876 1516 965 1589; x_wconf 86' lang='lat' dir='ltr'>atque</span> <span class='ocrx_word' id='word_1_72' title='bbox 980 1528 1044 1571; x_wconf 83' lang='lat' dir='ltr'>ase</span> <span class='ocrx_word' id='word_1_73' title='bbox 1061 1506 1186 1591; x_wconf 89' lang='lat' dir='ltr'>primum</span> <span class='ocrx_word' id='word_1_74' title='bbox 1202 1508 1336 1591; x_wconf 85' lang='lat' dir='ltr'>euulgari</span> <span class='ocrx_word' id='word_1_75' title='bbox 1351 1510 1488 1573; x_wconf 91' lang='lat' dir='ltr'>credidit.</span> 
     </span>
     <span class='ocr_line' id='line_1_9' title="bbox 360 1611 1490 1691; baseline 0.004 -16"><span class='ocrx_word' id='word_1_76' title='bbox 360 1611 485 1677; x_wconf 81' lang='lat' dir='ltr'>Murato</span> <span class='ocrx_word' id='word_1_77' title='bbox 512 1614 635 1675; x_wconf 79' lang='lat' dir='ltr'>dederat</span> <span class='ocrx_word' id='word_1_78' title='bbox 656 1612 859 1678; x_wconf 88' lang='lat' dir='ltr'>Bernardinns</span> <span class='ocrx_word' id='word_1_79' title='bbox 879 1614 1092 1691; x_wconf 79' lang='lat' dir='ltr'>Lnuredan&#39;ns,</span> <span class='ocrx_word' id='word_1_80' title='bbox 1125 1614 1161 1676; x_wconf 87' lang='lat' dir='ltr'>ad</span> <span class='ocrx_word' id='word_1_81' title='bbox 1186 1613 1263 1677; x_wconf 90' lang='lat' dir='ltr'>hunc</span> <span class='ocrx_word' id='word_1_82' title='bbox 1285 1616 1490 1679; x_wconf 88' lang='lat' dir='ltr'>transmissam</span> 
     </span>
     <span class='ocr_line' id='line_1_10' title="bbox 357 1714 1491 1803; baseline 0.002 -21"><span class='ocrx_word' id='word_1_83' title='bbox 357 1714 389 1782; x_wconf 87' lang='lat' dir='ltr'>‘e</span> <span class='ocrx_word' id='word_1_84' title='bbox 409 1719 553 1783; x_wconf 84' lang='lat' dir='ltr'>Flandria</span> <span class='ocrx_word' id='word_1_85' title='bbox 577 1717 671 1801; x_wconf 82' lang='lat' dir='ltr'>usque</span> <span class='ocrx_word' id='word_1_86' title='bbox 692 1720 728 1783; x_wconf 86' lang='lat' dir='ltr'>ab</span> <span class='ocrx_word' id='word_1_87' title='bbox 748 1721 881 1783; x_wconf 82' lang='lat' dir='ltr'>Antonio</span> <span class='ocrx_word' id='word_1_88' title='bbox 902 1720 1081 1796; x_wconf 75' lang='lat' dir='ltr'>Morittono,</span> <span class='ocrx_word' id='word_1_89' title='bbox 1107 1720 1294 1803; x_wconf 87' lang='lat' dir='ltr'>antiquorum</span> <span class='ocrx_word' id='word_1_90' title='bbox 1318 1742 1491 1785; x_wconf 89' lang='lat' dir='ltr'>monumen-</span> 
     </span>
     <span class='ocr_line' id='line_1_11' title="bbox 360 1826 1523 1913; baseline 0.001 -23"><span class='ocrx_word' id='word_1_91' title='bbox 360 1838 461 1890; x_wconf 85' lang='lat' dir='ltr'>torum</span> <span class='ocrx_word' id='word_1_92' title='bbox 490 1826 610 1889; x_wconf 90' lang='lat' dir='ltr'>homine</span> <span class='ocrx_word' id='word_1_93' title='bbox 635 1827 789 1903; x_wconf 88' lang='lat' dir='ltr'>studioso,</span> <span class='ocrx_word' id='word_1_94' title='bbox 821 1827 871 1909; x_wconf 88' lang='lat' dir='ltr'>qni</span> <span class='ocrx_word' id='word_1_95' title='bbox 894 1846 960 1890; x_wconf 89' lang='lat' dir='ltr'>eam</span> <span class='ocrx_word' id='word_1_96' title='bbox 984 1827 1184 1910; x_wconf 76' lang='lat' dir='ltr'>descripserat</span> <span class='ocrx_word' id='word_1_97' title='bbox 1207 1849 1250 1890; x_wconf 79' lang='lat' dir='ltr'>em</span> <span class='ocrx_word' id='word_1_98' title='bbox 1276 1830 1490 1913; x_wconf 78' lang='lat' dir='ltr'>antiquissimo</span> <span class='ocrx_word' id='word_1_99' title='bbox 1520 1898 1523 1905; x_wconf 59' lang='grc'>,</span> 
     </span>
     <span class='ocr_line' id='line_1_12' title="bbox 360 1926 1491 2019; baseline -0.002 -22"><span class='ocrx_word' id='word_1_100' title='bbox 360 1934 539 2007; x_wconf 71' lang='lat' dir='ltr'>coloratae,</span> <span class='ocrx_word' id='word_1_101' title='bbox 571 1934 657 2019; x_wconf 85' lang='lat' dir='ltr'>quod</span> <span class='ocrx_word' id='word_1_102' title='bbox 679 1932 829 1997; x_wconf 84' lang='lat' dir='ltr'>Gooduui</span> <span class='ocrx_word' id='word_1_103' title='bbox 855 1926 1063 1996; x_wconf 82' lang='lat' dir='ltr'>asseruntur&#39;.</span> <span class='ocrx_word' id='word_1_104' title='bbox 1102 1934 1237 1997; x_wconf 88' lang='lat' dir='ltr'>Tertium</span> <span class='ocrx_word' id='word_1_105' title='bbox 1267 1934 1435 2017; x_wconf 84' lang='lat' dir='ltr'>exemplum</span> <span class='ocrx_word' id='word_1_106' title='bbox 1459 1934 1491 1995; x_wconf 92' lang='lat' dir='ltr'>in</span> 
     </span>
     <span class='ocr_line' id='line_1_13' title="bbox 361 2034 1490 2125; baseline 0.001 -23"><span class='ocrx_word' id='word_1_107' title='bbox 361 2040 459 2102; x_wconf 89' lang='lat' dir='ltr'>lucem</span> <span class='ocrx_word' id='word_1_108' title='bbox 483 2040 628 2123; x_wconf 82' lang='lat' dir='ltr'>prompsit</span> <span class='ocrx_word' id='word_1_109' title='bbox 650 2039 773 2102; x_wconf 75' lang='lat' dir='ltr'>luconvs</span> <span class='ocrx_word' id='word_1_110' title='bbox 789 2034 941 2112; x_wconf 72' lang='grc'>65355533</span> <span class='ocrx_word' id='word_1_111' title='bbox 963 2040 994 2101; x_wconf 93' lang='lat' dir='ltr'>in</span> <span class='ocrx_word' id='word_1_112' title='bbox 1019 2040 1176 2123; x_wconf 72' lang='lat' dir='ltr'>postremis</span> <span class='ocrx_word' id='word_1_113' title='bbox 1201 2041 1318 2125; x_wconf 83' lang='lat' dir='ltr'>paginis</span> <span class='ocrx_word' id='word_1_114' title='bbox 1335 2040 1451 2103; x_wconf 78' lang='lat' dir='ltr'>Horatii</span> <span class='ocrx_word' id='word_1_115' title='bbox 1473 2063 1490 2103; x_wconf 88' lang='lat' dir='ltr'>a</span> 
     </span>
     <span class='ocr_line' id='line_1_14' title="bbox 362 2144 1495 2231; baseline 0.002 -22"><span class='ocrx_word' id='word_1_116' title='bbox 362 2166 397 2209; x_wconf 86' lang='lat' dir='ltr'>se</span> <span class='ocrx_word' id='word_1_117' title='bbox 419 2144 605 2228; x_wconf 79' lang='lat' dir='ltr'>Autverpiae</span> <span class='ocrx_word' id='word_1_118' title='bbox 627 2166 656 2208; x_wconf 89' lang='grc'>5.</span> <span class='ocrx_word' id='word_1_119' title='bbox 678 2149 759 2210; x_wconf 87' lang='grc'>1579</span> <span class='ocrx_word' id='word_1_120' title='bbox 783 2147 855 2209; x_wconf 90' lang='lat' dir='ltr'>editi</span> <span class='ocrx_word' id='word_1_121' title='bbox 877 2168 943 2209; x_wconf 89' lang='lat' dir='ltr'>cum</span> <span class='ocrx_word' id='word_1_122' title='bbox 974 2146 1028 2209; x_wconf 88' lang='grc'>555</span> <span class='ocrx_word' id='word_1_123' title='bbox 1051 2148 1265 2231; x_wconf 73' lang='lat' dir='ltr'>inscriptione:</span> <span class='ocrx_word' id='word_1_124' title='bbox 1300 2149 1337 2231; x_wconf 80' lang='lat' dir='ltr'>Q.</span> <span class='ocrx_word' id='word_1_125' title='bbox 1361 2146 1495 2211; x_wconf 80' lang='lat' dir='ltr'>Horatii</span> 
     </span>
     <span class='ocr_line' id='line_1_15' title="bbox 361 2252 1492 2337; baseline 0 -22"><span class='ocrx_word' id='word_1_126' title='bbox 361 2253 476 2316; x_wconf 80' lang='lat' dir='ltr'>Flacci</span> <span class='ocrx_word' id='word_1_127' title='bbox 495 2254 563 2314; x_wconf 84' lang='lat' dir='ltr'>uita</span> <span class='ocrx_word' id='word_1_128' title='bbox 578 2274 596 2313; x_wconf 88' lang='lat' dir='ltr'>c</span> <span class='ocrx_word' id='word_1_129' title='bbox 611 2262 733 2315; x_wconf 83' lang='lat' dir='ltr'>uetusto</span> <span class='ocrx_word' id='word_1_130' title='bbox 755 2253 865 2315; x_wconf 82' lang='lat' dir='ltr'>codice</span> <span class='ocrx_word' id='word_1_131' title='bbox 880 2252 996 2315; x_wconf 84' lang='lat' dir='ltr'>Bland.</span> <span class='ocrx_word' id='word_1_132' title='bbox 1016 2254 1186 2337; x_wconf 73' lang='lat' dir='ltr'>descripta.</span> <span class='ocrx_word' id='word_1_133' title='bbox 1219 2254 1300 2317; x_wconf 87' lang='lat' dir='ltr'>llaec</span> <span class='ocrx_word' id='word_1_134' title='bbox 1315 2254 1373 2317; x_wconf 91' lang='lat' dir='ltr'>tria</span> <span class='ocrx_word' id='word_1_135' title='bbox 1388 2274 1492 2316; x_wconf 85' lang='lat' dir='ltr'>exem·</span> 
     </span>
     <span class='ocr_line' id='line_1_16' title="bbox 361 2358 1490 2443; baseline 0.002 -22"><span class='ocrx_word' id='word_1_136' title='bbox 361 2360 457 2443; x_wconf 82' lang='lat' dir='ltr'>plenia</span> <span class='ocrx_word' id='word_1_137' title='bbox 472 2358 504 2421; x_wconf 92' lang='lat' dir='ltr'>in</span> <span class='ocrx_word' id='word_1_138' title='bbox 518 2358 596 2421; x_wconf 86' lang='lat' dir='ltr'>notis</span> <span class='ocrx_word' id='word_1_139' title='bbox 611 2358 722 2422; x_wconf 86' lang='lat' dir='ltr'>criticis</span> <span class='ocrx_word' id='word_1_140' title='bbox 739 2358 800 2421; x_wconf 83' lang='lat' dir='ltr'>cdd</span> <span class='ocrx_word' id='word_1_141' title='bbox 813 2358 992 2443; x_wconf 80' lang='lat' dir='ltr'>significum,</span> <span class='ocrx_word' id='word_1_142' title='bbox 1006 2360 1172 2423; x_wconf 84' lang='lat' dir='ltr'>dissensum</span> <span class='ocrx_word' id='word_1_143' title='bbox 1189 2361 1243 2423; x_wconf 90' lang='lat' dir='ltr'>sub</span> <span class='ocrx_word' id='word_1_144' title='bbox 1259 2362 1378 2423; x_wconf 90' lang='lat' dir='ltr'>nomine</span> <span class='ocrx_word' id='word_1_145' title='bbox 1390 2372 1490 2423; x_wconf 90' lang='lat' dir='ltr'>aucto·</span> 
     </span>
     <span class='ocr_line' id='line_1_17' title="bbox 362 2464 1491 2541; baseline -0.001 -14"><span class='ocrx_word' id='word_1_146' title='bbox 362 2486 427 2527; x_wconf 87' lang='lat' dir='ltr'>rnrn</span> <span class='ocrx_word' id='word_1_147' title='bbox 448 2464 589 2527; x_wconf 90' lang='lat' dir='ltr'>indicaui.</span> <span class='ocrx_word' id='word_1_148' title='bbox 622 2464 810 2527; x_wconf 86' lang='lat' dir='ltr'>Dissentiunt</span> <span class='ocrx_word' id='word_1_149' title='bbox 830 2465 908 2527; x_wconf 90' lang='lat' dir='ltr'>enim</span> <span class='ocrx_word' id='word_1_150' title='bbox 930 2468 962 2527; x_wconf 92' lang='lat' dir='ltr'>in</span> <span class='ocrx_word' id='word_1_151' title='bbox 982 2466 1150 2541; x_wconf 83' lang='lat' dir='ltr'>nonnullis,</span> <span class='ocrx_word' id='word_1_152' title='bbox 1176 2487 1237 2533; x_wconf 79' lang='lat' dir='ltr'>nen</span> <span class='ocrx_word' id='word_1_153' title='bbox 1260 2476 1372 2528; x_wconf 87' lang='lat' dir='ltr'>tantum</span> <span class='ocrx_word' id='word_1_154' title='bbox 1393 2477 1491 2527; x_wconf 87' lang='lat' dir='ltr'>tamen</span> 
     </span>
     <span class='ocr_line' id='line_1_18' title="bbox 363 2571 1493 2655; baseline -0.001 -20"><span class='ocrx_word' id='word_1_155' title='bbox 363 2584 397 2635; x_wconf 86' lang='lat' dir='ltr'>ut</span> <span class='ocrx_word' id='word_1_156' title='bbox 411 2572 505 2636; x_wconf 86' lang='lat' dir='ltr'>uariis</span> <span class='ocrx_word' id='word_1_157' title='bbox 529 2573 661 2635; x_wconf 82' lang='lat' dir='ltr'>lontibus</span> <span class='ocrx_word' id='word_1_158' title='bbox 678 2572 723 2635; x_wconf 90' lang='lat' dir='ltr'>usi</span> <span class='ocrx_word' id='word_1_159' title='bbox 747 2591 814 2635; x_wconf 89' lang='lat' dir='ltr'>esse</span> <span class='ocrx_word' id='word_1_160' title='bbox 830 2571 985 2646; x_wconf 85' lang='lat' dir='ltr'>dicuntur,</span> <span class='ocrx_word' id='word_1_161' title='bbox 1012 2572 1064 2633; x_wconf 89' lang='lat' dir='ltr'>sed</span> <span class='ocrx_word' id='word_1_162' title='bbox 1081 2581 1220 2653; x_wconf 84' lang='lat' dir='ltr'>quantum</span> <span class='ocrx_word' id='word_1_163' title='bbox 1237 2572 1346 2634; x_wconf 89' lang='lat' dir='ltr'>accidit</span> <span class='ocrx_word' id='word_1_164' title='bbox 1366 2571 1426 2635; x_wconf 90' lang='lat' dir='ltr'>illis</span> <span class='ocrx_word' id='word_1_165' title='bbox 1443 2572 1493 2655; x_wconf 88' lang='lat' dir='ltr'>qni</span> 
     </span>
     <span class='ocr_line' id='line_1_19' title="bbox 363 2676 1491 2764; baseline -0.004 -20"><span class='ocrx_word' id='word_1_166' title='bbox 363 2703 452 2744; x_wconf 89' lang='lat' dir='ltr'>suum</span> <span class='ocrx_word' id='word_1_167' title='bbox 474 2680 643 2764; x_wconf 83' lang='lat' dir='ltr'>exemplum</span> <span class='ocrx_word' id='word_1_168' title='bbox 666 2679 828 2742; x_wconf 87' lang='lat' dir='ltr'>intentiore</span> <span class='ocrx_word' id='word_1_169' title='bbox 849 2700 921 2741; x_wconf 88' lang='lat' dir='ltr'>cura</span> <span class='ocrx_word' id='word_1_170' title='bbox 945 2698 1005 2739; x_wconf 91' lang='grc'>555</span> <span class='ocrx_word' id='word_1_171' title='bbox 1028 2676 1260 2759; x_wconf 86' lang='lat' dir='ltr'>descripserunt.</span> <span class='ocrx_word' id='word_1_172' title='bbox 1299 2676 1345 2741; x_wconf 83' lang='lat' dir='ltr'>Ad</span> <span class='ocrx_word' id='word_1_173' title='bbox 1368 2677 1491 2741; x_wconf 89' lang='lat' dir='ltr'>eandem</span> 
     </span>
     <span class='ocr_line' id='line_1_20' title="bbox 363 2782 1490 2870; baseline -0.003 -21"><span class='ocrx_word' id='word_1_174' title='bbox 363 2787 456 2850; x_wconf 87' lang='lat' dir='ltr'>uitam</span> <span class='ocrx_word' id='word_1_175' title='bbox 478 2788 569 2850; x_wconf 75' lang='lat' dir='ltr'>lautus</span> <span class='ocrx_word' id='word_1_176' title='bbox 590 2787 767 2870; x_wconf 86' lang='lat' dir='ltr'>llntgersius</span> <span class='ocrx_word' id='word_1_177' title='bbox 788 2787 820 2849; x_wconf 91' lang='lat' dir='ltr'>in</span> <span class='ocrx_word' id='word_1_178' title='bbox 841 2783 1019 2850; x_wconf 88' lang='lat' dir='ltr'>lectionibus</span> <span class='ocrx_word' id='word_1_179' title='bbox 1037 2782 1196 2846; x_wconf 90' lang='lat' dir='ltr'>Venusinis</span> <span class='ocrx_word' id='word_1_180' title='bbox 1218 2784 1362 2864; x_wconf 85' lang='lat' dir='ltr'>(Traiecti</span> <span class='ocrx_word' id='word_1_181' title='bbox 1385 2785 1490 2846; x_wconf 80' lang='lat' dir='ltr'>Batou.</span> 
     </span>
     <span class='ocr_line' id='line_1_21' title="bbox 367 2889 1493 2976; baseline -0.005 -20"><span class='ocrx_word' id='word_1_182' title='bbox 367 2895 464 2976; x_wconf 82' lang='lat'>1699)</span> <span class='ocrx_word' id='word_1_183' title='bbox 495 2913 534 2956; x_wconf 81' lang='lat' dir='ltr'>ex</span> <span class='ocrx_word' id='word_1_184' title='bbox 558 2893 661 2955; x_wconf 89' lang='lat' dir='ltr'>codice</span> <span class='ocrx_word' id='word_1_185' title='bbox 684 2892 807 2956; x_wconf 84' lang='lat' dir='ltr'>Puteani</span> <span class='ocrx_word' id='word_1_186' title='bbox 838 2891 890 2953; x_wconf 88' lang='lat' dir='ltr'>filii</span> <span class='ocrx_word' id='word_1_187' title='bbox 914 2902 1007 2955; x_wconf 87' lang='lat' dir='ltr'>etex</span> <span class='ocrx_word' id='word_1_188' title='bbox 1030 2890 1123 2973; x_wconf 87' lang='lat' dir='ltr'>Regio</span> <span class='ocrx_word' id='word_1_189' title='bbox 1145 2889 1307 2952; x_wconf 85' lang='lat' dir='ltr'>Parisiensi</span> <span class='ocrx_word' id='word_1_190' title='bbox 1335 2889 1493 2952; x_wconf 89' lang='lat' dir='ltr'>nonnullas</span> 
     </span>
     <span class='ocr_line' id='line_1_22' title="bbox 362 2994 1495 3082; baseline -0.008 -19"><span class='ocrx_word' id='word_1_191' title='bbox 362 3000 531 3082; x_wconf 87' lang='lat' dir='ltr'>scripturae</span> <span class='ocrx_word' id='word_1_192' title='bbox 561 2999 777 3082; x_wconf 88' lang='lat' dir='ltr'>discrepantias</span> <span class='ocrx_word' id='word_1_193' title='bbox 809 2999 926 3062; x_wconf 88' lang='lat' dir='ltr'>notauit</span> <span class='ocrx_word' id='word_1_194' title='bbox 952 3020 982 3082; x_wconf 89' lang='lat' dir='ltr'>p.</span> <span class='ocrx_word' id='word_1_195' title='bbox 1004 2998 1204 3073; x_wconf 74' lang='lat' dir='ltr'>tot-413,</span> <span class='ocrx_word' id='word_1_196' title='bbox 1237 3016 1346 3081; x_wconf 87' lang='lat' dir='ltr'>paucas</span> <span class='ocrx_word' id='word_1_197' title='bbox 1371 2994 1495 3078; x_wconf 88' lang='lat' dir='ltr'>protulit</span> 
     </span>
     <span class='ocr_line' id='line_1_23' title="bbox 364 3101 1491 3188; baseline -0.003 -19"><span class='ocrx_word' id='word_1_198' title='bbox 364 3107 492 3170; x_wconf 87' lang='lat' dir='ltr'>Carolus</span> <span class='ocrx_word' id='word_1_199' title='bbox 508 3108 568 3169; x_wconf 85' lang='lat' dir='ltr'>Fea</span> <span class='ocrx_word' id='word_1_200' title='bbox 584 3126 625 3169; x_wconf 82' lang='lat' dir='ltr'>ex</span> <span class='ocrx_word' id='word_1_201' title='bbox 649 3106 725 3168; x_wconf 89' lang='lat' dir='ltr'>libro</span> <span class='ocrx_word' id='word_1_202' title='bbox 741 3105 887 3167; x_wconf 86' lang='lat' dir='ltr'>Vaticano</span> <span class='ocrx_word' id='word_1_203' title='bbox 907 3105 1030 3188; x_wconf 84' lang='lat' dir='ltr'>reginae</span> <span class='ocrx_word' id='word_1_204' title='bbox 1047 3102 1234 3178; x_wconf 83' lang='lat' dir='ltr'>Christiane,</span> <span class='ocrx_word' id='word_1_205' title='bbox 1261 3124 1347 3185; x_wconf 90' lang='lat' dir='ltr'>quem</span> <span class='ocrx_word' id='word_1_206' title='bbox 1369 3102 1433 3186; x_wconf 92' lang='lat' dir='ltr'>ipse</span> <span class='ocrx_word' id='word_1_207' title='bbox 1448 3101 1491 3180; x_wconf 88' lang='lat' dir='ltr'>H,</span> 
     </span>
     <span class='ocr_line' id='line_1_24' title="bbox 364 3208 1494 3298; baseline -0.005 -22"><span class='ocrx_word' id='word_1_208' title='bbox 364 3213 470 3298; x_wconf 82' lang='lat' dir='ltr'>cgoR</span> <span class='ocrx_word' id='word_1_209' title='bbox 494 3212 668 3288; x_wconf 87' lang='lat' dir='ltr'>nominaui,</span> <span class='ocrx_word' id='word_1_210' title='bbox 699 3212 774 3274; x_wconf 88' lang='lat' dir='ltr'>alias</span> <span class='ocrx_word' id='word_1_211' title='bbox 796 3209 1026 3274; x_wconf 84' lang='lat' dir='ltr'>communicauit</span> <span class='ocrx_word' id='word_1_212' title='bbox 1049 3209 1083 3272; x_wconf 85' lang='lat' dir='ltr'>C.</span> <span class='ocrx_word' id='word_1_213' title='bbox 1103 3209 1319 3292; x_wconf 83' lang='lat' dir='ltr'>Vanderbourg</span> <span class='ocrx_word' id='word_1_214' title='bbox 1340 3231 1379 3272; x_wconf 81' lang='lat' dir='ltr'>cx</span> <span class='ocrx_word' id='word_1_215' title='bbox 1410 3208 1494 3272; x_wconf 90' lang='lat' dir='ltr'>libris</span> 
     </span>
     <span class='ocr_line' id='line_1_25' title="bbox 363 3315 1492 3402; baseline -0.003 -20"><span class='ocrx_word' id='word_1_216' title='bbox 363 3319 510 3383; x_wconf 86' lang='lat' dir='ltr'>Parisinis</span> <span class='ocrx_word' id='word_1_217' title='bbox 534 3327 557 3380; x_wconf 90' lang='lat' dir='ltr'>t.</span> <span class='ocrx_word' id='word_1_218' title='bbox 584 3319 595 3380; x_wconf 96' lang='lat' dir='ltr'>l</span> <span class='ocrx_word' id='word_1_219' title='bbox 626 3341 655 3402; x_wconf 92' lang='lat' dir='ltr'>p.</span> <span class='ocrx_word' id='word_1_220' title='bbox 674 3316 899 3400; x_wconf 87' lang='lat' dir='ltr'>XLVlllsqq.,</span> <span class='ocrx_word' id='word_1_221' title='bbox 925 3337 1001 3399; x_wconf 90' lang='lat' dir='ltr'>quos</span> <span class='ocrx_word' id='word_1_222' title='bbox 1030 3316 1139 3378; x_wconf 89' lang='lat' dir='ltr'>litteris</span> <span class='ocrx_word' id='word_1_223' title='bbox 1161 3316 1198 3378; x_wconf 90' lang='lat' dir='ltr'>ab</span> <span class='ocrx_word' id='word_1_224' title='bbox 1221 3316 1272 3379; x_wconf 92' lang='lat' dir='ltr'>illo</span> <span class='ocrx_word' id='word_1_225' title='bbox 1303 3317 1407 3399; x_wconf 89' lang='lat' dir='ltr'>positis</span> <span class='ocrx_word' id='word_1_226' title='bbox 1435 3315 1492 3394; x_wconf 73' lang='lat' dir='ltr'>(Id,</span> 
     </span>
     <span class='ocr_line' id='line_1_26' title="bbox 365 3421 1496 3515; baseline -0.004 -27"><span class='ocrx_word' id='word_1_227' title='bbox 365 3451 404 3515; x_wconf 86' lang='grc' dir='ltr'>φ,</span> <span class='ocrx_word' id='word_1_228' title='bbox 424 3427 480 3507; x_wconf 82' lang='grc' dir='ltr'>Ρ),</span> <span class='ocrx_word' id='word_1_229' title='bbox 505 3447 609 3488; x_wconf 90' lang='lat' dir='ltr'>omnes</span> <span class='ocrx_word' id='word_1_230' title='bbox 626 3425 713 3508; x_wconf 86' lang='lat' dir='ltr'>signo</span> <span class='ocrx_word' id='word_1_231' title='bbox 736 3445 757 3502; x_wconf 90' lang='grc' dir='ltr'><em>ς</em></span> <span class='ocrx_word' id='word_1_232' title='bbox 777 3422 920 3486; x_wconf 84' lang='lat' dir='ltr'>indicaui.</span> <span class='ocrx_word' id='word_1_233' title='bbox 953 3423 1074 3484; x_wconf 86' lang='lat' dir='ltr'>Duobus</span> <span class='ocrx_word' id='word_1_234' title='bbox 1089 3423 1119 3484; x_wconf 92' lang='lat' dir='ltr'>in</span> <span class='ocrx_word' id='word_1_235' title='bbox 1136 3423 1208 3486; x_wconf 90' lang='lat' dir='ltr'>locis</span> <span class='ocrx_word' id='word_1_236' title='bbox 1224 3433 1360 3505; x_wconf 87' lang='lat' dir='ltr'>quartum</span> <span class='ocrx_word' id='word_1_237' title='bbox 1384 3421 1496 3484; x_wconf 81' lang='lat' dir='ltr'>addidit</span> 
     </span>
     <span class='ocr_line' id='line_1_27' title="bbox 363 3529 1495 3614; baseline -0.005 -18"><span class='ocrx_word' id='word_1_238' title='bbox 363 3532 583 3614; x_wconf 86' lang='lat' dir='ltr'>Vunderbourg</span> <span class='ocrx_word' id='word_1_239' title='bbox 599 3532 664 3613; x_wconf 86' lang='lat' dir='ltr'><em>(I).</em></span> <span class='ocrx_word' id='word_1_240' title='bbox 696 3530 740 3594; x_wconf 89' lang='lat' dir='ltr'>Ad</span> <span class='ocrx_word' id='word_1_241' title='bbox 766 3530 838 3593; x_wconf 87' lang='lat' dir='ltr'>baec</span> <span class='ocrx_word' id='word_1_242' title='bbox 859 3529 990 3592; x_wconf 87' lang='lat' dir='ltr'>subsidia</span> <span class='ocrx_word' id='word_1_243' title='bbox 1014 3529 1196 3606; x_wconf 71' lang='lat' dir='ltr'>accepisti,</span> <span class='ocrx_word' id='word_1_244' title='bbox 1222 3530 1252 3592; x_wconf 91' lang='grc'>5.</span> <span class='ocrx_word' id='word_1_245' title='bbox 1270 3551 1299 3593; x_wconf 83' lang='grc'>5.</span> <span class='ocrx_word' id='word_1_246' title='bbox 1319 3529 1495 3612; x_wconf 87' lang='lat' dir='ltr'>Hispanien-</span> 
     </span>
     <span class='ocr_line' id='line_1_28' title="bbox 315 3634 1493 3718; baseline -0.006 -15"><span class='ocrx_word' id='word_1_247' title='bbox 315 3635 325 3643; x_wconf 75' lang='grc'><em>’</em></span> <span class='ocrx_word' id='word_1_248' title='bbox 363 3642 406 3703; x_wconf 90' lang='lat' dir='ltr'>sis</span> <span class='ocrx_word' id='word_1_249' title='bbox 429 3639 496 3701; x_wconf 89' lang='lat' dir='ltr'>sine</span> <span class='ocrx_word' id='word_1_250' title='bbox 519 3637 684 3700; x_wconf 80' lang='lat' dir='ltr'>Heinionns</span> <span class='ocrx_word' id='word_1_251' title='bbox 707 3648 827 3714; x_wconf 84' lang='lat' dir='ltr'>noster,</span> <span class='ocrx_word' id='word_1_252' title='bbox 858 3635 909 3718; x_wconf 90' lang='lat' dir='ltr'>qui</span> <span class='ocrx_word' id='word_1_253' title='bbox 932 3635 1022 3698; x_wconf 85' lang='lat' dir='ltr'>uitam</span> <span class='ocrx_word' id='word_1_254' title='bbox 1046 3634 1179 3700; x_wconf 89' lang='lat' dir='ltr'>Suetonii</span> <span class='ocrx_word' id='word_1_255' title='bbox 1201 3635 1233 3698; x_wconf 91' lang='lat' dir='ltr'>in</span> <span class='ocrx_word' id='word_1_256' title='bbox 1251 3635 1353 3700; x_wconf 90' lang='lat' dir='ltr'>ultima</span> <span class='ocrx_word' id='word_1_257' title='bbox 1376 3634 1493 3718; x_wconf 85' lang='lat' dir='ltr'>pagiua,</span> 
     </span>
     <span class='ocr_line' id='line_1_29' title="bbox 363 3740 1494 3826; baseline -0.008 -16"><span class='ocrx_word' id='word_1_258' title='bbox 363 3747 418 3810; x_wconf 87' lang='lat' dir='ltr'>sed</span> <span class='ocrx_word' id='word_1_259' title='bbox 434 3767 495 3808; x_wconf 91' lang='lat' dir='ltr'>nou</span> <span class='ocrx_word' id='word_1_260' title='bbox 510 3745 577 3809; x_wconf 89' lang='lat' dir='ltr'>sine</span> <span class='ocrx_word' id='word_1_261' title='bbox 600 3743 733 3822; x_wconf 88' lang='lat' dir='ltr'>lacunis,</span> <span class='ocrx_word' id='word_1_262' title='bbox 755 3743 916 3826; x_wconf 83' lang='lat' dir='ltr'>ascriptam</span> <span class='ocrx_word' id='word_1_263' title='bbox 934 3741 1033 3804; x_wconf 86' lang='lat' dir='ltr'>habet.</span> <span class='ocrx_word' id='word_1_264' title='bbox 1066 3740 1097 3802; x_wconf 92' lang='lat' dir='ltr'>ln</span> <span class='ocrx_word' id='word_1_265' title='bbox 1121 3740 1265 3823; x_wconf 88' lang='lat' dir='ltr'>principio</span> <span class='ocrx_word' id='word_1_266' title='bbox 1281 3743 1358 3804; x_wconf 90' lang='lat' dir='ltr'>idem</span> <span class='ocrx_word' id='word_1_267' title='bbox 1375 3741 1494 3803; x_wconf 88' lang='lat' dir='ltr'>breuem</span> 
     </span>
     <span class='ocr_line' id='line_1_30' title="bbox 365 3845 1496 3933; baseline -0.007 -18"><span class='ocrx_word' id='word_1_268' title='bbox 365 3851 630 3927; x_wconf 63' lang='lat' dir='ltr'>comestionis,</span> <span class='ocrx_word' id='word_1_269' title='bbox 655 3861 714 3911; x_wconf 91' lang='lat' dir='ltr'>tum</span> <span class='ocrx_word' id='word_1_270' title='bbox 731 3863 799 3933; x_wconf 91' lang='lat' dir='ltr'>post</span> <span class='ocrx_word' id='word_1_271' title='bbox 820 3851 963 3912; x_wconf 88' lang='lat' dir='ltr'>insertam</span> <span class='ocrx_word' id='word_1_272' title='bbox 981 3846 1207 3931; x_wconf 85' lang='lat' dir='ltr'>disputationem</span> <span class='ocrx_word' id='word_1_273' title='bbox 1230 3848 1265 3910; x_wconf 88' lang='lat' dir='ltr'>de</span> <span class='ocrx_word' id='word_1_274' title='bbox 1281 3847 1385 3908; x_wconf 90' lang='lat' dir='ltr'>metris</span> <span class='ocrx_word' id='word_1_275' title='bbox 1402 3845 1496 3924; x_wconf 84' lang='lat' dir='ltr'>Hora-</span> 
     </span>
     <span class='ocr_line' id='line_1_31' title="bbox 363 3951 1497 4039; baseline -0.008 -17"><span class='ocrx_word' id='word_1_276' title='bbox 363 3960 457 4024; x_wconf 90' lang='lat' dir='ltr'>tianis</span> <span class='ocrx_word' id='word_1_277' title='bbox 474 3958 596 4021; x_wconf 85' lang='lat' dir='ltr'>tertiam</span> <span class='ocrx_word' id='word_1_278' title='bbox 613 3958 796 4039; x_wconf 85' lang='lat' dir='ltr'>suppeditat,</span> <span class='ocrx_word' id='word_1_279' title='bbox 822 3957 903 4019; x_wconf 87' lang='lat' dir='ltr'>illam</span> <span class='ocrx_word' id='word_1_280' title='bbox 920 3977 1007 4038; x_wconf 88' lang='lat' dir='ltr'>qnam</span> <span class='ocrx_word' id='word_1_281' title='bbox 1023 3952 1172 4036; x_wconf 85' lang='lat' dir='ltr'>Cruquius</span> <span class='ocrx_word' id='word_1_282' title='bbox 1194 3952 1282 4016; x_wconf 87' lang='lat' dir='ltr'>tertio</span> <span class='ocrx_word' id='word_1_283' title='bbox 1306 3954 1371 4017; x_wconf 93' lang='lat' dir='ltr'>loco</span> <span class='ocrx_word' id='word_1_284' title='bbox 1387 3973 1425 4015; x_wconf 90' lang='lat' dir='ltr'>ex</span> <span class='ocrx_word' id='word_1_285' title='bbox 1444 3951 1497 4014; x_wconf 91' lang='lat' dir='ltr'>tri·</span> 
     </span>
     <span class='ocr_line' id='line_1_32' title="bbox 363 4063 733 4146; baseline -0.016 -16"><span class='ocrx_word' id='word_1_286' title='bbox 363 4068 421 4130; x_wconf 89' lang='lat' dir='ltr'>bus</span> <span class='ocrx_word' id='word_1_287' title='bbox 437 4063 607 4129; x_wconf 86' lang='lat' dir='ltr'>Blandiniis</span> <span class='ocrx_word' id='word_1_288' title='bbox 623 4063 733 4146; x_wconf 51' lang='lat' dir='ltr'>posuit,</span> 
     </span>
    </p>
   </div>
   <div class='ocr_carea' id='block_1_3' title="bbox 0 0 1959 5525">
    <p class='ocr_par' dir='ltr' id='par_1_3' title="bbox 0 0 1959 5525">
     <span class='ocr_line' id='line_1_33' title="bbox 0 0 1959 5525; baseline 0 0"><span class='ocrx_word' id='word_1_289' title='bbox 0 0 1959 5525; x_wconf 95' lang='lat' dir='ltr'> </span> 
     </span>
    </p>
   </div>
  </div>
 </body>
</html>
