3884 5525
772 586 910 639 cubuisti
929 588 1139 641 SAECVLARE.

1260 652 1279 680 ἱ

596 758 678 833 quod
694 759 790 819 semel
806 758 923 819 dietum
938 762 988 819 est
1002 761 1189 835 stabilisque
1202 776 1309 825 rerum

596 870 751 931 terminus
767 873 884 943 seruet,
903 869 983 931 bona
999 870 1065 931 iam
1077 872 1213 946 peractis

596 980 720 1056 iungite
735 979 812 1041 iata.

597 1132 713 1195 fertilis
730 1134 857 1209 bugum
872 1134 1057 1208 pecorisque
1072 1132 1184 1198 'l'ellus

598 1243 702 1319 spicea
717 1244 810 1305 donet
826 1240 975 1307 Cererem
990 1259 1126 1323 coruna3

596 1355 738 1415 nutriant
754 1355 836 1417 letus
853 1359 884 1415 et
899 1368 999 1431 nouae
1013 1355 1156 1418 salubres

597 1469 629 1526 et
643 1461 728 1526 louis
744 1479 851 1567 aurae.

597 1618 721 1680 condito
736 1619 822 1680 mitis
838 1618 1040 1695 placidusque
1055 1619 1118 1681 telo

458 1858 583 1909 no-no.
610 1858 675 1924 quoa
691 1827 829 1908 -ieruet
853 1858 965 1909 smum
984 1859 1021 1910 aa
1033 1859 1136 1924 rorgo.
1150 1859 1207 1911 uer.
1228 1860 1243 1908 r
1261 1860 1305 1910 u.
1414 1863 1458 1914 ae.
1476 1871 1518 1914 esc

389 1942 432 1979 om
446 1942 472 1987 ς.
579 1926 623 1977 27.
651 1934 740 1977 seruet
751 1927 896 1995 Abugnz
904 1928 1049 1980 Blandim'i
1069 1928 1199 1980 Seruius:
1229 1936 1319 1979 serunt
1335 1934 1476 1997 perpauci.

388 1995 599 2117 Zionlpltpslggg:
626 1994 711 2047 foetus
730 1995 788 2047 BH.
905 1996 1029 2047 33—34.
1055 1997 1168 2085 Sunius
1187 1997 1225 2047 ud
1237 1997 1416 2063 Vergit-Bel.
1437 2001 1452 2051 5
1472 2001 1515 2064 bo,
1559 2022 1567 2037 ·

440 2363 567 2415 25-28.
587 2364 678 2413 Adbuc
696 2364 726 2414 de
744 2363 835 2414 salute
846 2362 931 2429 populi
974 2362 1069 2413 certius
1079 2364 1203 2413 deliniunt
1212 2365 1314 2429 puellae
1324 2368 1516 2432 respondentes.

389 2432 495 2485 Ilomani
516 2448 605 2499 preces
625 2432 710 2483 iactae
727 2440 797 2483 suut.
821 2432 873 2482 iarn
892 2447 932 2481 sc·
973 2432 1086 2498 Antiqua
1104 2432 1268 2497 simplicitate
1288 2434 1388 2498 frugum
1406 2442 1433 2485 et
1444 2450 1518 2500 peco-

388 2503 484 2553 enndos
503 2502 574 2551 uitae
594 2517 728 2552 successus
747 2508 845 2566 petunt.
867 2500 932 2549 inci·
973 2502 1010 2551 ris
1024 2500 1185 2551 fertilitatem
1198 2508 1284 2551 orant.

388 2572 462 2637 piunt
473 2570 546 2636 pueri
560 2570 696 2635 (to-28),
711 2578 851 2635 sequuntur
862 2569 933 2635 puel·
1026 2570 1070 2619 ab.
1098 2573 1365 2636 spicea-corona:
1392 2572 1440 2620 boc
1462 2572 1516 2622 lieri

388 2640 429 2691 lue
442 2640 579 2703 (to-32),
594 2640 682 2691 eodem
695 2640 784 2689 ordine
797 2655 846 2704 quo
860 2646 929 2689 ente.
975 2636 1107 2689 a'l'ellure
1119 2654 1181 2703 erga
1192 2637 1313 2689 Cererem
1322 2646 1396 2704 prata
1407 2640 1433 2689 in
1444 2640 1516 2703 largn

440 2709 484 2759 25.
512 2724 614 2775 uosque
634 2736 668 2745 -
686 2708 808 2758 Parcae:
833 2723 879 2759 cur
900 2708 931 2757 ad
974 2715 1001 2757 et
1021 2708 1090 2758 laete
1110 2707 1208 2772 frugum
1228 2723 1311 2759 messe
1331 2708 1518 2776 poetncogita·

388 2777 484 2828 Parcas
496 2778 617 2828 transiit?
637 2777 701 2828 Sunt
719 2778 822 2827 numine
840 2777 932 2840 auguri
975 2779 1023 2831 uit.
1053 2776 1170 2827 Tibullus
1190 2775 1231 2840 li
1255 2779 1302 2828 15:
1322 2779 1404 2844 stoan
1425 2779 1516 2841 Ceres,

388 2845 499 2912 Apollini
519 2854 626 2910 cognata
638 2854 714 2911 atque
732 2847 823 2896 diebus
843 2861 932 2896 saecu·
975 2849 1026 2896 titt
1034 2850 1073 2896 sit
1081 2851 1175 2896 nostro
1185 2846 1218 2896 de
1229 2862 1294 2896 rnre
1304 2862 1403 2896 corona
1415 2851 1516 2912 spicea.

388 2915 479 2966 larium
505 2916 623 2966 ludorum
649 2915 740 2965 bestiis
769 2915 929 2964 colebantur.
1027 2915 1071 2965 31.
1098 2916 1519 2996 nutriantsetue:setueetpe-

391 2983 433 3036 Cl.
447 2983 564 3034 Zosimus
579 2983 600 3034 lt
615 2985 640 3034 5.
681 2999 792 3034 nerncee
806 2987 932 3033 cecinisse
975 2984 1042 3034 coris
1061 2990 1088 3034 et
1107 2983 1206 3046 frugum
1225 2983 1326 3048 nceip03
1360 2983 1426 3034 l'etus
1444 2999 1519 3048 gene-

389 3069 434 3120 pro
459 3068 565 3104 nerones
590 3054 615 3104 in
640 3053 770 3116 caueud03
802 3051 838 3102 ei.
864 3053 896 3102 nd
921 3050 932 3102 Ι
974 3053 1065 3104 naliter
1083 3052 1193 3101 omnium
1214 3068 1298 3102 rerum
1318 3052 1405 3118 accipe
1422 3052 1520 3101 anima-

391 3123 403 3172 i
427 3122 469 3172 18.
974 3114 1093 3186 lium'que’
1116 3121 1166 3181 (sic
1185 3121 1284 3184 corrige
1308 3121 1439 3186 uulgatum
1461 3116 1532 3171 nui-¹

442 3191 566 3242 26—27.
587 3190 658 3254 quod
675 3191 757 3240 senet
773 3217 806 3228 ·-·
822 3196 930 3240 seruet:
975 3185 1189 3255 mulium)‘quae
1201 3191 1234 3240 ud
1252 3190 1391 3240 utilitatem
1406 3197 1518 3240 nostrum

389 3261 436 3310 boc
461 3259 554 3324 pendet
578 3275 610 3308 err
633 3259 756 3324 proximis
785 3260 853 3309 donn
877 3263 932 3309 iam
975 3253 1121 3325 pertinent'.
1141 3257 1312 3309 Ponrnrnmu.
1336 3257 1462 3309 Nimirum
1475 3258 1545 3307 ubi.

388 3331 509 3394 peractis
521 3329 711 3392 iungitesatn.
728 3327 799 3377 Libri
813 3327 933 3394 Sibyllini
976 3330 1043 3380 letus
1056 3328 1118 3378 editi
1133 3335 1201 3387 snut,
1213 3335 1242 3378 ut
1251 3335 1400 3392 augescant,
1412 3327 1520 3393 emplius

389 3397 456 3447 hona
470 3404 583 3461 temporo
600 3398 787 3462 promiserant,
807 3397 829 3446 si
842 3411 933 3446 soecu—
976 3404 1088 3462 optatur.
1133 3396 1261 3447 Salubrec
1272 3397 1452 3462 aquueeugita
1464 3396 1520 3461 plu-

390 3466 460 3516 lores
480 3464 534 3514 ludi
552 3467 602 3516 rite
615 3466 717 3516 tierent.
737 3463 848 3514 Oraculo
864 3463 932 3514 ieliei
975 3467 1032 3514 uias
1051 3481 1132 3530 neque
1153 3465 1226 3514 nimis
1241 3465 1340 3514 calidus
1353 3481 1434 3530 neque
1448 3463 1520 3528 trigi-

390 3550 462 3585 sunm
484 3541 570 3584 uotum
594 3533 692 3584 addidit
713 3534 805 3583 chorus
827 3533 933 3597 promis·
975 3534 1039 3595 dae,
1055 3533 1080 3582 lt.
1094 3549 1118 3582 e.
1133 3533 1249 3598 frugibus
1265 3532 1519 3597 etpascentipecori

391 3619 495 3669 sumque
508 3603 600 3668 accipit
611 3603 649 3653 his
658 3603 760 3652 uerbisc
775 3602 933 3664 stabilisque
975 3602 1064 3652 utiles.

390 3687 479 3722 rerum
496 3677 626 3722 termium
638 3677 738 3721 seruet.
762 3667 858 3734 Quippe
871 3666 933 3718 Pnr-
1028 3669 1070 3717 32.
1091 3668 1166 3716 Ionis
1178 3681 1281 3716 aurae:
1304 3661 1362 3715 ἀπὸ
1374 3667 1466 3714 κοινοῦ
1479 3681 1520 3715 ns-

392 3755 436 3791 ens
446 3741 562 3804 obligare
573 3740 753 3808 quodammodo
767 3739 863 3800 studet,
875 3737 932 3785 dum
976 3735 1122 3786 sumendum
1144 3735 1283 3795 colubres,
1304 3734 1370 3797 quod
1387 3748 1436 3797 quo
1458 3732 1523 3810 l'uci-⁶

391 3816 515 3860 memorat
536 3809 573 3859 sic
592 3809 617 3858 in
637 3809 711 3858 libris
724 3807 858 3875 Sibyllinis
872 3805 934 3855 Por·
976 3804 1027 3853 lius
1040 3803 1096 3852 deri
1105 3802 1200 3867 possit,
1214 3801 1324 3866 repetito
1337 3807 1410 3851 et—
1422 3807 1450 3851 et
1460 3817 1520 3867 pro-

391 3895 484 3997 diaci'ffulrln
498 3893 629 3996 ctffe'msufissrsrrus
642 3877 933 4011 εέξῐψίῒιὶῖῐῖιξῑιιυίῗένῗιῗνι
977 3877 1154 3990 moggus-0383..
1181 3937 1270 3988 iuncto
1288 3937 1400 3987 carmine
1419 3937 1451 3986 ad
1470 3938 1521 4003 pri-

384 4018 454 4079 fim's
478 4015 539 4078 (dae
564 4013 785 4064 uovorrir'rdbare
805 4014 864 4064 Ziel
888 4013 935 4062 der
976 4010 1058 4060 maria
1084 4008 1143 4058 festi
1169 4006 1271 4056 numina
1296 4014 1403 4070 uterque
1428 4007 1520 4056 chorus

390 4085 502 4148 Dirige).
539 4083 658 4133 Laudent
687 4084 841 4146 interpretes
870 4079 935 4131 Attii
978 4079 1055 4130 redit.
1088 4077 1140 4127 linc
1158 4083 1228 4142 petet
1246 4090 1279 4124 ex
1298 4075 1397 4142 duplice
1417 4075 1522 4125 inuoca-

391 4151 489 4202 llecub.
502 4151 630 4202 Prisciani
640 4151 673 4199 Vl
689 4152 719 4198 15
734 4151 782 4200 ab:
802 4150 936 4213 oetersa-
977 4149 1048 4198 tione
1060 4147 1246 4212 oudipueroe,
1258 4145 1366 4208 Apollo,
1377 4160 1435 4194 mox
1444 4144 1518 4207 nudi,

393 4227 485 4272 iorum
497 4224 628 4271 terminus
638 4223 676 4269 sie
686 4223 813 4268 iusserat.
828 4218 934 4268 Lucret.
978 4217 1073 4277 Luna,
1091 4215 1207 4280 puellus.
1230 4214 1332 4263 Steiner
1344 4214 1449 4279 priinnm
1463 4227 1521 4262 uer·

392 4289 470 4340 1782
491 4294 572 4352 atque
593 4289 648 4338 ulte
667 4289 933 4338 leontinusbnerens,
980 4301 1035 4336 sum
1060 4291 1086 4334 et
1110 4282 1246 4333 secuudum
1276 4283 1378 4348 pueris,
1409 4281 1521 4346 reliquos

391 4357 522 4421 Vergilius
544 4357 592 4407 llll
611 4357 678 4406 ott:
698 4358 849 4420 eteiesutn
862 4355 935 4404 Iouis
980 4350 1251 4420 puellisussignauit,
1271 4365 1345 4415 quam
1363 4350 1438 4398 unius
1458 4356 1523 4397 stro-

388 4432 517 4492 poscuut‚
530 4428 574 4476 bie
584 4429 717 4476 teretibus
727 4427 835 4484 boeret;
846 4423 933 4487 Eclog.
980 4423 1045 4488 pbue
1057 4421 1210 4471 diuisionem
1222 4426 1252 4468 ut
1265 4418 1339 4468 nimis
1354 4416 1521 4466 artificiosam

392 4497 408 4544 4
421 4497 470 4545 47:
491 4495 637 4546 concordes
649 4495 876 4559 stabilisalorum
889 4507 937 4542 no·
980 4508 1030 4542 non
1043 4489 1225 4540 admittendam
1237 4502 1295 4538 esse
1306 4484 1405 4552 putaui.

392 4568 463 4615 ruine
476 4564 589 4613 Parcae.
1033 4559 1077 4610 33.
1108 4558 1218 4610 condito
1245 4557 1323 4607 mitm
1343 4550 1524 4619 placidosque

445 4631 560 4682 29-32.
579 4633 650 4682 Bona
664 4630 717 4682 lata
730 4645 745 4680 a
757 4631 844 4698 pueris
856 4628 937 4696 petita
982 4627 1052 4678 telo:
1072 4643 1121 4676 non
1134 4627 1245 4690 iratum,
1263 4622 1347 4690 qualis
1361 4621 1524 4688 progreditur
