3884 5525
845 646 983 698 urceoli
1003 650 1054 703 15..

898 904 968 966 XV.

440 1100 442 1104 .
541 1054 616 1120 Nox
631 1060 701 1118 erat
715 1058 748 1116 et
761 1054 848 1116 eaelo
864 1054 1007 1131 erigenae
1020 1056 1095 1119 luna
1111 1070 1221 1125 serene

585 1170 668 1230 inter
682 1168 803 1236 minora
819 1166 935 1243 sidera,

542 1336 612 1384 cum
629 1324 666 1383 tu
679 1334 864 1397 magnorum
879 1334 996 1382 numen
1011 1320 1137 1408 leesnra
1152 1322 1279 1384 deorum

585 1434 617 1493 in
634 1433 731 1494 uerba
745 1433 871 1493 iurabas
887 1447 967 1509 mea,
1164 1437 1167 1443 '

445 1585 556 1637 Nearam
569 1588 675 1637 amicam
689 1602 760 1639 suem
780 1587 919 1651 alloquitur
937 1586 1109 1652 periuriisque
1129 1587 1184 1641 eins
1197 1602 1225 1637 se
1243 1586 1373 1653 deceptum
1387 1585 1505 1651 (decepti

376 1656 484 1719 scribit)
494 1656 601 1714 indicat,
612 1657 678 1721 quod
689 1656 756 1706 serio
767 1671 853 1705 amore
864 1657 966 1719 (uoluit
976 1672 1047 1705 suum
1058 1657 1181 1720 amorem)
1193 1656 1219 1705 in
1229 1656 1306 1705 alium
1317 1656 1502 1718 transtulisset,

377 1740 451 1790 quem
464 1732 540 1789 negat
552 1733 699 1791 perpetuum
713 1724 834 1774 laturum.
856 1722 964 1774 Metram
978 1726 1044 1789 quod
1057 1725 1128 1789 prius
1138 1726 1172 1775 A.
1214 1734 1222 1740 ”
1279 1722 1306 1775 ln
1319 1723 1429 1775 Neeram
1442 1724 1504 1774 ami-

376 1795 443 1913 ppm'.
480 1794 604 1844 Senarius
623 1796 722 1860 sepiens
742 1792 868 1859 (opicus),
895 1793 1010 1843 binarius
1031 1793 1155 1844 iambicus
1174 1794 1304 1859 eppdieus.
1342 1792 1453 1857 Querela
1473 1793 1503 1843 de

401 1878 445 1912 era
459 1863 491 1911 H.

448 1930 523 1980 1-2.
544 1929 724 1981 Terentianus
737 1930 852 1981 Maurus
865 1948 892 1982 u.
901 1932 969 1982 2964
979 1948 1009 1997 p.
1022 1931 1099 1995 2449,
1119 1931 1262 1981 Diomedes
1275 1930 1308 1981 lll
1322 1932 1337 1981 9
1351 1931 1366 1980 4
1376 1930 1480 1995 ρτ482.

378 2000 404 2051 1.
422 1999 494 2050 eoelo
506 1999 539 2049 B.
616 2033 621 2043 .
643 1998 668 2049 3.
687 1999 774 2050 lesura
786 2000 844 2051 BH.
947 2000 1026 2050 4-5.
1046 2000 1204 2051 Priscianus
1217 1997 1301 2050 XVlll
1315 2000 1348 2049 24
1361 2000 1421 2051 210.

426 2151 508 2217 llpod.
521 2148 580 2201 XV.
599 2151 769 2203 Prooemium.
788 2152 917 2218 Laesisti,
963 2150 1081 2203 accessit.
1101 2150 1217 2201 Alterum
1231 2151 1360 2219 indicium,
1374 2152 1440 2202 unde
1454 2150 1504 2219 Ly-

376 2240 492 2301 Newa,
499 2241 587 2304 fidem
599 2242 919 2293 sollemniimimndo
962 2236 1007 2271 een
1022 2220 1127 2270 eundem
1140 2236 1198 2269 esse
1211 2234 1240 2269 ae
1253 2218 1380 2271 Neaeram
1394 2221 1503 2283 conicio,

412 2334 418 2345 .
442 2334 448 2345 .
632 2334 638 2346 .
725 2336 731 2347 ,
960 2290 1009 2353 lioc
1029 2295 1077 2337 est.
1102 2288 1175 2353 Lpee
1192 2288 1310 2338 maritum
1330 2289 1458 2347 habebat,
1476 2296 1506 2339 nt

376 2332 446 2381 'ml‘
459 2330 572 2395 mm»
592 2347 670 2381 W
688 2347 729 2382 '⁰⁸
742 2337 920 2398 “mett
961 2358 1043 2423 uque
1060 2370 1092 2405 ex
1112 2355 1196 2405 earm.
1213 2354 1246 2405 ιιι
1268 2357 1299 2405 10
1321 2357 1351 2406 15
1372 2364 1399 2407 et
1418 2357 1451 2407 ιιι
1474 2358 1504 2407 ιιι

321 2463 323 2466 ,
376 2422 482 2471 nitebit.
513 2419 552 2471 Tu
572 2436 693 2485 quoque,
712 2426 876 2487 quicumque
892 2437 919 2471 cu
962 2425 1091 2475 23-24:
1112 2439 1200 2473 uerum
1218 2426 1244 2473 iu
1263 2426 1375 2475 carmine
1392 2426 1504 2476 eiusdem

369 2510 503 2577 felicior,
525 2513 651 2576 quemuis
668 2513 795 2575 praestes
815 2512 920 2562 diuitiis
961 2494 1021 2543 libii
1035 2499 1126 2611 quartfio
1140 2493 1238 2611 ‘'xlm‘'
1253 2492 1372 2611 ngin'
1389 2502 1504 2561 ummo
1565 2549 1567 2553 .

377 2602 530 2651 ,isene
547 2602 698 2665 asima,
712 2602 921 2667 refluus*
961 2569 1314 2697 iiiiiiimi‘eiiffii
1328 2571 1506 2686 itilttltt

375 2693 466 2740 minat
478 2690 532 2740 tibi
549 2704 621 2739 nunc
631 2693 761 2756 sevenici
778 2695 836 2758 ipit
848 2706 921 2741 mat·
961 2698 1057 2749 morari
1069 2698 1153 2764 potuit
1165 2698 1204 2748 sui
1220 2699 1283 2749 iuris
1302 2699 1438 2753 feminam?
1458 2700 1505 2750 mi-

377 2782 447 2832 redu
472 2781 601 2846 midique
634 2781 742 2832 ridendi
774 2785 920 2832 materiam
962 2771 1041 2820 nime.
1055 2767 1165 2818 Maritus
1178 2767 1257 2833 igitur
1267 2777 1421 2835 apposuerat
1430 2771 1505 2820 uxori

962 2838 1102 2901 custodem,
1116 2837 1158 2902 qui
1172 2838 1274 2887 nocenti
1285 2838 1371 2887 nuntio
1382 2840 1505 2888 amatoris

375 2871 526 2936 dimidiis·
543 2867 705 2935 (4124111419)
962 2906 1087 2957 Neaeram
1102 2907 1157 2955 siue
1170 2905 1257 2973 Lycen
1271 2907 1396 2970 denegare
1410 2915 1436 2957 et
1448 2909 1504 2957 uiro

430 2971 501 3038 Quae
525 2971 605 3023 luerit
621 2970 737 3034 Neaera,
757 2987 814 3021 eum
835 2987 920 3022 rerum
962 2975 1084 3026 iniuriam
1103 2973 1240 3025 defendere
1261 2974 1379 3026 debehat.
1399 2975 1462 3026 llinc
1475 2975 1506 3025 li·
1595 3029 1597 3033 ,

330 3093 332 3095 ,
376 3049 540 3092 monumenta
556 3049 677 3105 taceant,
699 3057 749 3091 non
767 3041 818 3090 nisi
831 3041 922 3107 proba·
963 3052 1023 3112 quet
1041 3059 1087 3094 eur
1104 3045 1129 3092 in
1146 3045 1194 3093 hoc
1207 3045 1286 3110 epodo
1299 3051 1386 3094 contra
1400 3061 1505 3095 eonsue-

344 3130 352 3142 ι
377 3111 473 3161 bilibus
485 3111 587 3161 indiciis
600 3111 728 3176 explorari
741 3117 839 3176 potest,
854 3109 920 3175 quod
962 3114 1075 3165 tudinem
1094 3113 1120 3162 in
1138 3113 1232 3163 ceteris
1245 3113 1375 3180 probatam
1389 3113 1446 3163 licto
1460 3129 1507 3163 noe

378 3181 495 3246 equidem
516 3179 555 3228 sie
577 3176 688 3230 institui.
720 3179 783 3229 Post
799 3179 920 3228 Cinaram
962 3183 1029 3232 mine
1049 3181 1087 3231 uti
1107 3181 1229 3232 uoluerit.
1249 3181 1326 3246 Quae
1342 3183 1364 3232 si
1382 3198 1444 3233 uere
1460 3199 1506 3233 ex-

376 3249 487 3299 Flaecns
506 3256 610 3312 praeter
629 3264 730 3299 amores
752 3249 848 3314 aliquot
870 3249 920 3297 cito
962 3252 1047 3317 posite
1072 3257 1145 3314 eunt,
1172 3251 1220 3300 hic*
1239 3251 1334 3316 epodus
1363 3259 1505 3316 postremus

377 3323 544 3367 transeuntes
556 3317 700 3368 diuturnam
713 3317 921 3368 consuetudinem
963 3320 1074 3370 omnium
1086 3319 1157 3370 eirea
1170 3335 1262 3369 annum
1276 3320 1326 3370 ’126
1339 3321 1376 3384 (a.
1387 3319 1448 3370 Chr.
1459 3320 1505 3385 28)
1610 3328 1613 3337 “

378 3385 470 3434 hebuit
490 3399 546 3433 oum
570 3382 676 3436 muliere
695 3387 753 3436 uiro
778 3402 827 3435 non
852 3384 921 3434 lideli
962 3389 1108 3439 iaetusest.
1129 3387 1226 3438 Versus
1245 3389 1364 3439 heroicus
1384 3389 1409 3438 in
1430 3405 1506 3453 ergn-

378 3459 467 3519 nnpte‚
479 3459 608 3571 quap'tep
616 3454 706 3536 Lycen
718 3454 859 3509 nominauit
871 3452 920 3532 (lll
962 3465 1047 3536 mento
1062 3457 1112 3506 leui
1126 3457 1234 3538 dimetro
1244 3457 1352 3538 iamlpieo
1367 3457 1503 3521 admixtus,

378 3522 922 3658 1111111,1111111114111
963 3525 1505 3644 “tlttltztlltet'tltaltili

377 3675 449 3711 rum.
469 3659 523 3710 Cur
535 3657 679 3710 Neaeram?
696 3661 819 3711 Nimirum
839 3659 920 3708 bonae
963 3676 1064 3711 scenam
1083 3660 1146 3709 iuris
1166 3661 1270 3709 iurandi
1283 3661 1381 3725 pingit3
1400 3663 1505 3726 perinde

380 3730 499 3780 Cinarae
514 3730 606 3779 breues
617 3731 776 3796 onnossote
789 3728 924 3790 dederunt
963 3727 1094 3791 Meleager
1105 3727 1240 3792 Antliolog.
1255 3727 1338 3778 Palnt.
1352 3727 1375 3778 V
1388 3730 1412 3778 8.

380 3797 566 3862 (11111322).
594 3795 920 3863 Cinaraeimperiumsulr
963 3795 1506 3858 minorueideraecarm.l1247:in-
1563 3841 1565 3846 .

377 3866 527 3933 principium
551 3868 609 3915 anui
630 3867 680 3916 125
702 3881 854 3932 magnopere
875 3867 921 3914 ilo-
965 3870 1094 3929 terigncs
1107 3865 1309 3914 lunnmineres.

266 3993 269 3997 ¹
376 3935 460 3985 ruisse
485 3935 516 3984 ed
539 3934 625 3984 Cerm.
647 3937 657 3986 1
682 3935 713 3986 19
737 3935 918 3985 intelleximus.
952 3984 959 4003 Ι,
1017 3935 1042 3983 3.
1069 3947 1167 3983 numen
1186 3934 1295 3983 laesura
1316 3933 1444 3984 deorum.-
1461 3931 1504 3984 ‘ad

377 4002 438 4054 Mox
458 4004 483 4052 in
509 4019 614 4066 regnum
638 4013 719 4054 morte
742 4005 852 4054 Cinarae
870 4017 921 4052 ua·
964 4010 1083 4054 euentum
1106 4001 1203 4065 refert,
1226 4002 1298 4068 qnasi
1319 4018 1374 4053 eum
1396 4003 1505 4066 iuraret,

377 4087 450 4123 cuum
464 4072 537 4138 Lyce
549 4075 690 4137 suecessit,
702 4075 782 4140 selim
797 4077 862 4138 post
877 4071 921 4121 Ci-
964 4074 1013 4123 iam
1033 4071 1164 4154 perfidiam
1182 4070 1287 4128 tollendi
1309 4071 1335 4120 in
1358 4073 1441 4122 animo
1462 4074 1505 4122 ha·

378 4157 476 4191 nurum
490 4139 547 4204 (llll
563 4142 616 4205 13).
634 4142 702 4192 llaec
715 4157 755 4190 me
768 4141 919 4206 interprete,
964 4143 1054 4192 beret.
1070 4139 1241 4190 Poaruunron.
1275 4140 1380 4192 Numen
1393 4143 1505 4192 deornm

378 4211 444 4275 quod
465 4225 532 4258 uena
553 4226 645 4259 nonum
668 4211 801 4275 imperium
823 4209 922 4274 aceepit
964 4217 1004 4262 est
1017 4210 1140 4259 maiestas
1153 4208 1256 4268 diuinn;
1277 4209 1342 4260 leuis
1362 4211 1443 4260 amica
1457 4227 1505 4260 non

379 4273 476 4346 (νεαρὰ
495 4280 584 4346 νεαρᾷ
600 4279 756 4344 βασιλείᾳ),
778 4277 803 4326 in
823 4277 921 4326 duobus
964 4279 1090 4344 cogitauit
1102 4285 1222 4342 quantum
1235 4279 1319 4330 scelus
1335 4280 1491 4329 admitteret.

378 4347 533 4396 carminibus
551 4347 723 4410 Neaerc,'in
742 4346 825 4397 tribus
843 4361 859 4395 a
877 4362 922 4395 no·
1016 4348 1042 4397 4.
1079 4351 1107 4396 in
1131 4348 1214 4396 uerba
1238 4349 1350 4396 iuratae
1373 4364 1448 4397 mee:
1480 4348 1505 4396 iu

376 4415 444 4464 mine
461 4416 547 4465 mariti
563 4415 665 4482 (Lupo)
677 4417 749 4484 Lyce
765 4423 858 4464 uocata
871 4421 919 4464 est.
964 4417 1045 4467 uerba
1064 4431 1128 4482 quae
1148 4431 1194 4478 ego
1211 4416 1327 4482 prasini,
1347 4423 1376 4465 nt
1393 4416 1418 4464 in
1437 4415 1506 4464 iura-

377 4482 503 4534 Neueram
522 4491 551 4534 ut
570 4487 679 4536 emienm
697 4485 746 4536 sibi
759 4485 824 4536 satis
837 4483 923 4546 cogni·
964 4493 1049 4535 mento
1063 4485 1188 4536 castrensi
1204 4485 1287 4550 praeit
1305 4483 1457 4550 imperator,
1479 4485 1505 4534 iu

377 4560 430 4602 tam
442 4553 600 4616 intermine,
613 4555 816 4621 quotannotee
827 4553 922 4603 iactum
964 4555 1025 4604 ludo
1039 4554 1192 4618 gladiatorio
1206 4551 1309 4616 lanista.
1330 4552 1388 4618 llpl.
1404 4553 1413 4602 l
1428 4553 1438 4601 1
1456 4553 1505 4602 14:

378 4628 420 4670 eet
438 4620 485 4686 (111
504 4622 562 4684 14),
582 4624 734 4674 celebrauit.
756 4623 825 4673 lluee
844 4623 923 4686 igitur
965 4624 1067 4673 nullius
1091 4623 1217 4674 addictus
1244 4625 1338 4673 iurare
1366 4624 1393 4671 in
1423 4623 1506 4672 uerte
1572 4639 1573 4642 ¹
1635 4611 1637 4616 ’

379 4689 425 4740 sub
444 4703 536 4739 annum
556 4691 608 4741 126
625 4693 657 4741 nd
676 4709 768 4743 nouum
790 4691 922 4772 imperium
965 4695 1104 4756 magistri.
