3884 5525
784 593 962 647 chbbibvll
983 596 990 647 Ι
1015 598 1038 647 l.
1458 602 1478 661 9

558 761 606 821 dis
622 762 754 823 miscent
770 766 904 841 superis,
921 782 972 827 me
987 767 1124 842 gelidum
1141 782 1251 830 nemus
1445 783 1478 834 ao

556 870 836 949 Nympharumque
852 876 939 937 leues
954 892 1025 939 cum
1042 874 1167 954 Satyris
1184 880 1270 943 chori

557 988 725 1044 meerounl
739 987 863 1061 populo,
882 987 910 1047 si
926 1002 1026 1063 neque
1042 989 1135 1051 libias
1222 1061 1225 1067 ,

556 1091 693 1169 Euterpe
709 1097 842 1179 cohibet,
862 1113 919 1157 nee
933 1095 1143 1174 Polyhymnia
1175 1155 1180 1165 .

554 1200 712 1265 Lesboum
728 1206 847 1282 relugit
862 1208 988 1269 tendere
1004 1210 1157 1271 barbiton.

555 1315 636 1389 quod
652 1316 679 1375 si
695 1330 744 1375 me
758 1316 869 1393 lyricis
884 1320 1010 1381 uatibus
1026 1321 1152 1397 inseris,

555 1425 680 1485 sublimi
696 1427 806 1489 leriam
822 1429 925 1490 sidera
939 1432 1071 1492 uertice.

410 1612 454 1661 311.
477 1612 517 1662 dis
531 1614 557 1663 Α
563 1633 571 1663 .-
591 1613 647 1665 Diis
666 1614 746 1666 BGH.
869 1617 913 1668 31.
932 1618 1146 1687 Nlmpbnrumque
1166 1648 1199 1657 —
1220 1620 1308 1670 satiris
1320 1620 1354 1670 H.

343 1682 386 1731 32.
405 1697 483 1731 sacer
496 1684 527 1731 bc
541 1684 631 1747 populo
643 1685 678 1734 A.
796 1685 838 1735 33.
859 1682 942 1753 Eripe
955 1690 988 1739 A.
1117 1688 1229 1739 33-34.
1252 1706 1297 1739 nec
1310 1716 1342 1727 ·-
1357 1686 1475 1737 barbiton

345 1751 489 1801 Charisius
502 1750 552 1800 llll
568 1753 579 1801 l
595 1751 632 1816 §l
646 1768 670 1817 p.
679 1753 738 1802 238.
845 1755 877 1804 33
907 1758 1056 1825 polyymuin
1067 1760 1099 1822 A,
1115 1758 1253 1825 poliymnia
1264 1759 1295 1820 B,
1311 1756 1431 1823 polimnia
1443 1756 1473 1820 G,

341 1818 478 1883 pollimuia
491 1820 530 1882 11,
549 1821 714 1887 polybumnia
727 1822 812 1872 codex
823 1822 940 1889 Neapol.
957 1828 1089 1877 Charisii.
1125 1828 1263 1891 Oraquius
1276 1842 1310 1875 ee
1323 1826 1475 1876 Blandiniir

341 1886 511 1955 Polyhymnia
523 1890 643 1939 rettulit.
756 1892 798 1941 35.
820 1893 920 1956 quodsi
934 1895 1062 1961 Ancus,
1077 1911 1130 1945 non
1143 1895 1242 1961 quodsi.
1297 1894 1377 1945 liricis
1390 1894 1423 1943 B.

342 1956 554 2007 iuscrisBGSm:
569 1958 668 2013 inseres
682 1960 749 2019 ΑΗς
761 1960 814 2010 duo
827 1962 978 2013 Blandinii.
1085 1964 1126 2015 36.
1142 1964 1256 2015 sublimis
1270 1980 1296 2023 ς.
1340 1964 1433 2031 sydera
1442 1962 1473 2013 G.

341 2091 494 2143 Maecenate
508 2094 648 2145 doctrinam
662 2098 810 2159 agnouisse,
828 2114 889 2164 poc·
932 2098 1048 2165 Sapphus
1060 2102 1216 2152 carminibus
1236 2118 1301 2153 nuuc
1315 2117 1363 2149 uon
1377 2099 1474 2163 cogita·

341 2162 410 2211 tieae
429 2163 495 2212 artis
520 2164 623 2215 laudem
642 2181 763 2231 nusquam
785 2182 889 2217 conces·
931 2169 985 2230 uit,
1006 2184 1086 2234 neque
1100 2172 1164 2221 benc
1177 2171 1226 2221 sibi
1240 2170 1381 2235 exemplum
1395 2169 1474 2219 luisse

343 2232 423 2294 sisse3
437 2232 615 2297 acceditquod
626 2249 674 2283 non
684 2236 798 2299 singulos
809 2236 889 2286 bonai-
931 2252 1047 2302 umquam
1068 2240 1251 2303 pronuntiauit.
1279 2239 1315 2289 Dc
1336 2238 1415 2287 forma
1430 2252 1474 2287 no-

343 2300 892 2369 nes,sedgenerahomiuumpoetasibicom-
929 2306 1005 2355 minis
1026 2308 1206 2375 Polyhymnia
1228 2308 1362 2359 Charisius
1380 2306 1426 2355 llll
1444 2306 1472 2355 la

342 2369 454 2433 parauit.
531 2370 674 2421 doctarum
684 2372 889 2439 hederaeyrae·
932 2375 1116 2425 barbarismus
1122 2378 1165 2437 fit
1176 2404 1210 2412 -
1223 2376 1391 2436 adiectione,
1414 2388 1474 2422 cum

342 2440 397 2487 mia
400 2438 561 2503 frontium:
573 2440 617 2504 qui
628 2440 735 2491 hederas
743 2441 885 2493 doctarum
930 2457 985 2491 ana
996 2442 1124 2507 pluresue
1136 2446 1244 2493 litterae
1256 2446 1409 2492 iniciuntur
1421 2456 1473 2490 aare

341 2507 455 2571 praemia
475 2505 596 2557 frontium
608 2510 776 2575 adipiscitur,
796 2511 887 2561 iscar·
930 2514 1110 2575 neocesariae,
1133 2516 1164 2561 at
1178 2508 1237 2561 ‘mee
1248 2511 1427 2575 Polybumm'a
1439 2534 1474 2545 ·-

341 2575 451 2624 minibus
464 2577 604 2639 grauibus,
625 2593 690 2643 quae
702 2578 778 2628 docti
795 2588 886 2645 poetae
931 2572 1075 2629 barbiton’.

341 2652 505 2709 componunt,
518 2646 614 2696 eminet
626 2655 653 2697 et
665 2646 821 2699 celebratur.
840 2648 887 2698 llis
982 2648 1094 2697 35-36.
1117 2647 1189 2712 quod
1200 2651 1226 2697 sl
1234 2674 1259 2682 -
1272 2648 1391 2695 uertice:
1404 2644 1473 2695 Mae-

341 2715 431 2764 slatim
455 2714 631 2777 adiunguntur
660 2716 771 2766 leuioris
795 2717 886 2782 plectri
930 2723 1045 2767 cenetam
1059 2716 1155 2780 cogitat
1170 2724 1221 2766 lam
1244 2716 1385 2794 elegantem
1399 2728 1472 2794 quan

342 2783 466 2832 earmina.
492 2783 530 2834 Dc
543 2792 691 2833 ornamento
705 2786 815 2836 hederae
829 2801 888 2852 poe·
931 2801 1038 2850 acquum
1054 2795 1080 2836 et
1096 2787 1189 2836 iustum
1210 2785 1274 2835 artis
1294 2785 1390 2851 lyricae
1408 2783 1474 2864 rudr-

342 2857 426 2900 tarum
439 2851 473 2900 ei.
489 2851 575 2902 Ouidli
591 2853 646 2902 nh.
661 2853 694 2902 ill
708 2855 768 2918 411,
783 2854 886 2906 Trist.1
931 2871 999 2904 cem:
1016 2855 1058 2920 qui
1071 2856 1093 2904 si
1106 2855 1237 2904 Horatium
1251 2857 1370 2932 accenset
1382 2852 1474 2930 lyricas

344 2919 398 2968 72.
426 2920 452 2969 ln
473 2922 536 2970 artis
554 2923 674 2986 operibus
693 2923 787 2972 hedera
800 2939 887 2974 eomas
930 2925 1053 2986 uatibus,
1078 2925 1104 2972 b.
1124 2940 1147 2973 e.
1171 2923 1253 2990 poetis
1275 2923 1364 2988 lyricas
1385 2919 1472 2968 diurno

349 2989 420 3038 uncti
433 2988 553 3040 uisuntur
564 2998 655 3056 poetae
669 2998 695 3041 et
706 2993 831 3058 poetriae.
930 2993 1023 3058 spiritu
1037 2992 1142 3056 albatis,
1166 2991 1254 3058 quales
1269 2989 1371 3040 inerunt
1384 3002 1474 3037 nouem

393 3052 519 3106 3'0-32.
539 3075 583 3108 me
600 3060 722 3125 gelidum
741 3077 834 3110 nemas
852 3089 887 3098 -
930 3060 1086 3110 Graecorum
1105 3061 1180 3128 lyrici
1206 3059 1254 3125 (cl.
1273 3059 1421 3139 Lachmann
1442 3057 1474 3138 ad

340 3129 610 3192 secernantpopalo:
619 3136 646 3177 ut
655 3130 769 3194 proxime
778 3130 886 3180 doctam
929 3129 1034 3180 Lucret.
1048 3128 1081 3178 Vl
1097 3129 1169 3195 145),
1191 3129 1213 3180 is
1225 3145 1253 3179 re
1266 3142 1329 3178 uera
1342 3143 1368 3208 m
1381 3141 1474 3206 carrua-

342 3194 579 3259 cinanmomum,
600 3197 638 3246 sic
651 3213 716 3246 nuuc
729 3202 847 3248 iocosam
861 3206 888 3249 et
929 3199 1005 3248 nibus
1024 3200 1164 3264 pangendis
1183 3199 1301 3262 egregius
1320 3203 1380 3246 erit.
1411 3195 1474 3252 llrnc

341 3266 493 3314 amatorium
500 3266 600 3330 poetice
609 3265 753 3332 descripsit.
767 3267 805 3316 Ad
816 3268 885 3316 illam
930 3267 1003 3332 qaod
1019 3271 1045 3316 si
1063 3268 1188 3333 particula
1202 3266 1365 3327 conclusiua,
1387 3279 1474 3344 quam-

341 3349 396 3382 cum
416 3333 555 3396 incumbit,
577 3350 632 3384 cum
650 3334 689 3384 dis
706 3337 807 3400 superis
828 3352 887 3385 con·
930 3351 1003 3400 quam
1015 3337 1077 3386 alibi
1088 3353 1136 3386 non
1149 3335 1267 3401 frequens
1281 3335 1370 3402 lyricis
1380 3339 1472 3398 poetis,

340 3402 452 3464 uersari,
473 3403 538 3452 hauc
552 3403 611 3452 dum
624 3397 747 3468 sequitur,
768 3405 886 3470 apopulo
931 3412 988 3469 apte
1008 3421 1072 3454 nunc
1091 3405 1235 3455 adhibetur.
1262 3403 1367 3453 Horatio
1385 3402 1473 3480 eadem

325 3488 327 3495 ·
341 3477 457 3520 secretus
476 3471 501 3519 iu
515 3471 662 3521 nemoribus
675 3473 757 3522 sacris
770 3489 825 3522 eum
840 3473 887 3522 Sa·
930 3473 1042 3522 recurrit
1061 3473 1086 3522 iu
1107 3473 1269 3523 Carminibus
1289 3471 1326 3522 iil
1341 3473 1352 3520 1
1368 3471 1417 3532 41,
1447 3485 1473 3549 nr

269 3593 274 3601 ,
340 3540 407 3607 tyris
421 3546 448 3589 et
461 3538 584 3607 Nymphis
598 3541 684 3590 ludere
697 3541 747 3589 sibi
761 3542 876 3593 uidetur..
930 3540 1026 3606 Epodis
1040 3542 1055 3590 2
1069 3542 1117 3600 39,
1138 3543 1169 3591 10
1183 3542 1224 3605 21,
1242 3541 1270 3590 ll
1288 3541 1334 3602 15,
1356 3540 1433 3618 etiam
1447 3553 1473 3586 ru

393 3608 436 3657 32.
455 3611 481 3657 si
492 3624 576 3675 neque
590 3613 672 3659 tibias
684 3611 804 3674 Euterpe
816 3611 887 3660 cohi·
930 3609 1095 3659 Sermouibus
1113 3609 1149 3671 (ll
1163 3611 1178 3658 4
1192 3611 1219 3667 b)
1239 3617 1265 3659 et
1277 3607 1401 3674 Epistulas
1421 3605 1443 3670 (1
1458 3605 1472 3655 2

341 3677 398 3726 bet:
423 3677 536 3727 chiasmo
555 3694 618 3727 usus
638 3679 700 3727 haee
721 3678 752 3728 ad
771 3679 887 3744 proxima
930 3678 1143 3742 lo‚325,710).
1164 3677 1371 3743 Celerum'ipsum
1384 3690 1473 3726 nomeu

340 3760 382 3794 me
390 3746 513 3811 gelidam
525 3774 554 3782 —
566 3751 710 3796 secernant
719 3748 820 3812 populo
834 3754 887 3798 ret·
929 3751 1004 3796 uatis
1015 3745 1153 3796 Maecenas
1162 3745 1268 3795 Horatio
1282 3745 1384 3807 indidit,
1398 3737 1473 3794 simui

339 3814 414 3877 tulit,
433 3814 467 3862 ad
479 3812 578 3864 Musam
591 3810 661 3864 suari
675 3815 801 3879 iocosam,
821 3831 886 3881 quae
929 3823 1006 3880 atque
1025 3815 1137 3864 carmina
1157 3813 1266 3863 feliciter
1290 3813 1322 3893 ab
1341 3815 1388 3862 boc
1409 3821 1474 3862 tem-

340 3897 396 3932 cum
422 3883 559 3933 delectare
590 3884 674 3947 uelit,
706 3901 755 3933 non
782 3885 884 3948 docere,
928 3891 1000 3950 ptalu
1014 3891 1082 3946 sunl,
1102 3891 1129 3934 ut
1142 3883 1201 3932 licet
1214 3897 1354 3960 comperire
1368 3897 1399 3931 ex
1413 3881 1471 3947 Epi.

338 3951 477 4016 Euterpea
491 3954 546 4002 eius
559 3967 616 4002 esse
629 3953 771 4018 praesidem
782 3955 886 4018 elegam·
930 3953 966 4002 ll
981 3953 1020 4002 11.
1043 3951 1130 4017 ltaque
1141 3953 1237 4001 rectius
1251 3953 1274 4000 in
1286 3965 1383 4030 maiore
1395 3949 1474 4030 libro-

339 4025 380 4068 ter
394 4020 480 4069 linxit.
500 4019 577 4070 Conl.
592 4021 625 4070 ad
640 4021 648 4070 l
662 4023 676 4070 i
694 4021 735 4071 19.
930 4037 984 4072 rum
998 4021 1070 4086 eopia
1081 4025 1180 4070 inseris
1190 4020 1284 4082 legitur
1294 4034 1367 4084 quam
1377 4034 1402 4067 rn
1413 4019 1473 4068 alns

392 4088 436 4138 33.
469 4105 516 4139 aee
540 4089 721 4155 Polyhymnia
753 4089 885 4140 Lesboum
929 4094 1042 4140 inseres.
1068 4089 1133 4139 lllud
1147 4096 1201 4138 est:
1220 4085 1253 4138 ‘si
1266 4104 1305 4138 me
1318 4087 1427 4152 inseris,
1448 4087 1472 4138 id

339 4157 448 4221 refugit
457 4158 568 4208 tendere
578 4159 718 4208 barbiton:
732 4158 886 4224 hacerespi-
930 4159 995 4224 quod
1011 4158 1096 4209 lacere
1109 4151 1196 4208 soles‘.
1373 4224 1379 4236 ·
1435 4224 1440 4236 Ι

339 4224 411 4274 ciunt
423 4227 557 4292 superiora
574 4242 616 4276 mc
634 4227 777 4277 doctarum
789 4255 821 4264 -
834 4231 887 4276 mi·
982 4228 1023 4278 36.
1041 4227 1151 4276 sublimi
1157 4254 1188 4262 —
1197 4229 1314 4276 uertice:
1329 4223 1474 4274 Mernelnus

339 4298 418 4342 seent
434 4301 551 4361 saperes.
582 4293 647 4344 Nam
666 4296 766 4346 barbito
784 4295 885 4345 Lesboo
929 4297 956 4346 in
976 4297 1058 4346 diario
1076 4294 1228 4360 Antiquitat.
1249 4310 1273 4344 a.
1291 4295 1354 4344 1851
1370 4293 1472 4373 P'.233³

340 4362 454 4414 carmina
480 4364 603 4427 grauiora
625 4364 657 4412 ad
679 4380 773 4414 morem
795 4364 885 4414 Alcaei
907 4359 1001 4414 '‘illud
1021 4364 1086 4430 quod
1107 4363 1132 4412 in
1147 4365 1195 4414 line
1210 4363 1282 4429 primi
1295 4363 1416 4412 carminis
1429 4377 1473 4426 po·

340 4428 427 4479 Lesbii
445 4431 515 4482 lacta
528 4447 644 4498 quaeque
658 4433 764 4482 dostram
785 4441 885 4498 poetam
930 4434 997 4496 suit,
1017 4433 1131 4482 sublimi
1139 4434 1245 4498 seriam
1258 4431 1347 4481 sidera
1361 4434 1471 4490 uertice,

342 4497 441 4563 decent,
464 4508 604 4564 uolantur3
626 4501 661 4550 ci.
677 4501 733 4551 126
748 4502 793 4551 11:
817 4504 887 4552 bane
931 4519 979 4551 nou
994 4501 1082 4551 dubito
1095 4502 1153 4565 quin
1173 4516 1265 4564 graeco
1285 4505 1375 4577 poetae
1388 4495 1473 4576 suble-

343 4565 434 4618 Lesbio
447 4571 490 4629 (=
504 4570 622 4634 Alcaico)
639 4585 751 4620 sacrare
768 4571 884 4636 plectro.
930 4571 1006 4635 gerii,
1024 4585 1095 4634 quern
1109 4569 1236 4634 expressit
1248 4568 1369 4646 §yneslus
1384 4581 1415 4643 ry
1428 4578 1474 4613 κε-

343 4632 412 4685 Adde
424 4635 433 4686 l
446 4637 480 4687 32
492 4639 580 4704 4-5,
602 4637 659 4704 ltpl.
675 4638 685 4687 Ι
700 4639 731 4688 19
744 4639 821 4704 32sq.
848 4639 886 4689 De
930 4639 1006 4708 φαλῇ
1020 4631 1067 4688 τὸν
1077 4631 1193 4706 οὐρανὸν
1203 4631 1337 4704 ἀρασσειν
1350 4631 1433 4698 Epist.
1441 4633 1473 4682 57
