3884 5525
624 1812 1242 1927 PHOLEGOMENA.

915 2404 943 2466 1.

533 2589 585 2651 DE
601 2586 697 2651 VITA
711 2586 867 2651 HOHATll
884 2587 910 2649 A
926 2586 1121 2652 svuuoulu
1136 2589 1334 2656 NARHATA.

454 2794 554 2858 Vitam
570 2793 686 2856 Horatii
702 2792 751 2874 qui
768 2802 816 2855 est
835 2793 998 2858 traditurus
1013 2795 1165 2878 egregium
1182 2797 1281 2880 operis
1297 2797 1497 2859 adiumentum

368 2901 458 2965 babet
474 2901 604 2964 libellum
621 2898 792 2962 aSuetonio
803 2900 1015 2983 conscriptum.
1040 2901 1114 2964 Nam
1125 2900 1284 2966 Suetonius
1300 2921 1366 2964 cum
1378 2901 1409 2964 in
1422 2901 1498 2964 libro

368 3029 457 3090 quem
474 3009 511 3070 de
527 3004 601 3070 uiris
616 3008 648 3071 in
663 3006 774 3069 litteris
788 3006 954 3071 illustribus
971 3007 1073 3086 edidit,
1091 3007 1180 3070 etiam
1189 3007 1343 3072 Horatium
1358 3029 1429 3072 cura
1445 3029 1499 3072 sua

369 3113 493 3196 dignum
510 3113 733 3192 existimasset,
758 3111 846 3176 huius
860 3113 970 3176 laboris
987 3113 1064 3176 bona
1085 3135 1153 3196 pars
1169 3115 1200 3176 in
1216 3114 1367 3180 nonnullis
1383 3114 1499 3177 Horatii
1533 3101 1540 3108 ’

369 3219 525 3283 codicibus
546 3220 583 3282 ad
598 3231 732 3284 nostram
748 3219 920 3282 memoriam
942 3219 1056 3302 perlata
1072 3230 1128 3284 est.
1161 3219 1254 3299 Quam
1278 3223 1369 3285 uitam
1391 3221 1499 3284 aSue-

369 3324 453 3388 tonio
469 3325 612 3408 scriptam
629 3345 696 3390 esse
712 3324 847 3408 quamuis
863 3345 922 3388 uon
939 3326 1086 3409 proditum
1102 3327 1141 3388 sit
1162 3326 1198 3389 ab
1214 3327 1264 3390 illo
1280 3327 1329 3409 qui
1346 3327 1497 3410 negotium

370 3431 553 3514 excerpendi
577 3432 726 3515 suscepit,
763 3443 862 3494 tamen
885 3431 921 3494 de
943 3453 1017 3496 uero
1041 3434 1121 3496 fonte
1145 3433 1225 3496 nulla
1253 3431 1397 3496 dubitatio
1421 3431 1500 3495 iusta

369 3537 560 3619 relinquitur.
591 3537 724 3599 Primum
746 3538 823 3600 enim
845 3537 1001 3620 ingenium
1022 3537 1086 3604 eius
1103 3539 1234 3623 opusculi
1258 3539 1344 3621 plane
1360 3537 1500 3600 conuenit

368 3642 431 3719 illi,
456 3643 535 3724 quod
550 3644 581 3704 in
597 3643 668 3706 uitis
682 3644 912 3727 imperatorum,
937 3643 1208 3725 grammaticorum,
1234 3644 1400 3722 rhetorum,
1426 3663 1500 3726 quo-

369 3769 437 3812 rum
453 3749 532 3811 lacta
546 3769 705 3832 moresque
720 3750 881 3812 Suetonius
897 3749 1025 3832 posteris
1041 3748 1173 3826 tradidit,
1192 3752 1290 3832 magni
1307 3750 1405 3812 lacere
1421 3748 1500 3812 sole·

370 3875 450 3933 mus,
473 3876 531 3937 qno
547 3857 677 3939 pertinet
692 3856 769 3938 quod
784 3855 850 3917 fidis
865 3855 995 3919 lontibus
1012 3867 1042 3918 et
1056 3874 1146 3938 saepe
1161 3853 1324 3918 reconditis
1341 3853 1501 3938 diligenter
1530 3897 1531 3900 κ

370 3961 479 4039 utitur,
502 3963 581 4044 quod
603 3962 633 4024 in
650 3982 757 4044 magna
773 3961 921 4025 breuitate
943 3964 979 4025 de
1003 3961 1169 4048 praecipuis
1184 3960 1274 4023 rebus
1290 3960 1377 4045 plane
1392 3962 1498 4038 refert,

370 4088 445 4130 sano
460 4067 570 4130 indicio
586 4087 659 4130 uera
675 4079 816 4150 segregat
830 4090 847 4132 a
864 4069 957 4147 lalsis,
976 4069 1054 4133 leuia
1070 4090 1087 4132 a
1103 4067 1217 4144 solidis,
1236 4067 1378 4132 uirtutem
1394 4067 1502 4131 merita

372 4173 461 4236 laude
476 4172 620 4249 celebrat,
637 4173 714 4255 quod
731 4175 804 4237 uitia
819 4176 955 4239 seuerius
969 4187 1088 4253 notare,
1112 4175 1260 4238 interdum
1278 4195 1366 4258 supra
1383 4175 1501 4236 modum

371 4279 565 4343 accumulare
588 4280 675 4342 solet.
714 4279 796 4344 Haec
818 4282 965 4344 scribendi
989 4281 1086 4345 uirtus
1112 4281 1144 4344 in
1165 4280 1228 4343 uita
1249 4280 1412 4344 Horatiana
1436 4295 1501 4342 cum

370 4385 558 4468 agnoscitur,
574 4394 635 4446 tum
649 4406 766 4448 manum
775 4385 913 4450 Suetonii
927 4387 1071 4452 indicauit
1087 4387 1171 4451 testis
1189 4409 1248 4450 non
1264 4387 1352 4465 leuis,
1367 4387 1402 4449 ad
1418 4385 1502 4448 cuius

372 4491 464 4555 uerba
481 4503 551 4554 ante
575 4492 633 4554 tria
656 4493 776 4556 saecula
792 4494 922 4556 animum
945 4495 1058 4578 primus
1081 4493 1213 4556 aduertit
1227 4490 1347 4561 Pennus
1362 4490 1502 4555 Nmmvs

373 4598 554 4678 (Miscellan.
573 4598 613 4660 lll
629 4601 649 4661 2
664 4602 763 4682 extr.)
786 4622 822 4664 ac
838 4620 940 4663 ueram
955 4603 1001 4663 rei
1017 4599 1162 4663 rationem
1179 4609 1313 4681 prompte
1334 4592 1500 4680 perspexit.

375 4701 449 4766 Nam
464 4704 654 4789 Porphyrion
675 4705 835 4770 scholiasta
859 4706 975 4771 Horatii
998 4707 1033 4770 ad
1058 4705 1213 4788 epistulam
1229 4705 1365 4783 Augusto
1381 4697 1502 4761 Caesari
1585 4699 1590 4712 ’
