3884 5525
899 622 907 635 .
976 580 1114 633 uounuu

654 754 738 829 ripas
754 756 786 813 et
801 766 936 814 uacuum
952 766 1064 815 nemus

653 864 760 926 mirari
774 863 861 925 litet.
895 860 1086 955 oNuiatum
1102 866 1213 938 potens

655 1017 904 1092 baccharumque
919 1015 1093 1077 ualenttum

655 1142 801 1202 proceras
817 1127 960 1191 manitus
975 1130 1101 1189 uertere
1116 1127 1271 1203 fraxinos,

655 1279 699 1340 nil
714 1294 846 1355 paruum
862 1284 918 1341 aut
933 1280 1042 1341 humili
1057 1280 1159 1356 molo,

655 1390 700 1451 nil
715 1391 845 1457 mortale
861 1392 983 1467 loquar.
1015 1390 1106 1452 dulce
1121 1390 1294 1467 periculum
1310 1395 1371 1467 cst,

654 1558 673 1603 o
688 1540 825 1633 Lenaee,
843 1545 932 1621 sequi
949 1546 1040 1606 lcum

483 1664 517 1715 to
654 1654 830 1731 cingentem
848 1656 941 1719 uiridi
956 1658 1096 1730 tempora
1110 1654 1266 1731 pampino.

555 1844 597 1893 14.
617 1841 832 1903 naiadum'BHg:
850 1844 952 1893 naidum
964 1842 1061 1908 Augg.
1168 1842 1210 1892 15.
1231 1842 1421 1908 Becher-nmque
1435 1841 1542 1906 BGHg,
1562 1858 1618 1891 non

484 1911 518 1961 A.
626 1911 668 1961 16.
689 1909 804 1960 fraxinos
816 1911 949 1977 Auriga.-
969 1911 1086 1961 fraxinus
1100 1910 1151 1971 ug.
1264 1911 1364 1962 17.18.
1383 1909 1468 1961 Nichil
1480 1912 1513 1975 B,
1540 1908 1618 1961 Nihil

484 1980 517 2029 H.
625 1980 665 2028 17.
687 1977 743 2045 not]
758 1987 785 2030 et
798 1978 829 2029 G.
901 1980 1188 2045 humi16A,hnmilag
1306 1980 1346 2032 18.
1367 1987 1462 2031 estem
1475 1993 1502 2039 ς.

487 2048 528 2097 19.
549 2048 621 2099 lenae
634 2047 736 2113 AGHg,
756 2048 830 2110 lenep
843 2048 875 2098 B.
1181 2079 1186 2087 ·

484 2252 596 2303 libenter
607 2252 729 2317 miratur,
750 2252 831 2303 ueluti
849 2255 926 2318 ripm
945 2252 1028 2302 ilumi-
1071 2260 1160 2304 tantur
1176 2252 1261 2304 Acron
1279 2260 1306 2303 et
1318 2252 1490 2321 Porphyrion,
1510 2252 1557 2301 sed
1576 2252 1617 2301 ui-

485 2336 554 2385 num,
576 2337 669 2372 nemos
683 2322 827 2387 frequentia
840 2322 966 2371 hominum
980 2337 1030 2371 oo·
1072 2322 1147 2372 detur
1165 2337 1222 2372 esse
1242 2328 1370 2388 quatere,
1390 2324 1416 2373 h.
1437 2338 1461 2371 c.
1484 2322 1534 2371 hue
1554 2320 1616 2370 illuc

486 2406 581 2452 coom;
596 2392 643 2441 hoc
656 2406 714 2440 rara
728 2390 828 2441 laetitia
838 2390 928 2455 oleique
941 2396 1030 2457 poten·
1070 2398 1184 2441 uertere.

482 2459 522 2509 'tia
536 2458 612 2522 lecit3
631 2459 695 2509 hene
708 2458 788 2524 igitur
799 2462 876 2525 ripas
892 2460 962 2509 nullo
976 2459 1030 2525 epi·
1125 2460 1168 2509 17.
1194 2460 1292 2511 humili
1307 2458 1404 2509 modo:
1428 2457 1549 2527 ταπεινῇ
1566 2451 1615 2525 ἆρ-

484 2528 572 2593 theto,
593 2544 686 2579 nemus
703 2542 759 2578 cum
781 2528 893 2595 epitheto
914 2544 963 2577 non
987 2544 1030 2577 or·
1070 2530 1166 2597 μονίᾳ.
1235 2528 1366 2593 'paruum
1387 2527 1498 2592 pertinet
1520 2526 1554 2575 ad
1574 2540 1615 2575 res

486 2604 561 2647 nante
570 2597 664 2662 posuit.
676 2596 781 2647 Scilicet
789 2612 938 2647 enumerare
946 2596 1030 2647 uoluit
1071 2596 1212 2663 canendas,
1222 2597 1323 2647 humili
1334 2597 1414 2647 modo
1427 2596 1460 2646 ad
1471 2610 1561 2645 nocem
1574 2609 1616 2645 ca-

486 2681 550 2731 quac
561 2666 636 2715 deuio
646 2667 670 2715 in
683 2673 842 2733 prospectum
854 2672 1028 2715 occurrerent.
1071 2666 1164 2717 nentis.

484 2734 588 2786 incaute
611 2734 741 2786 Bentleius
764 2750 796 2785 ex
820 2734 893 2786 libris
917 2734 1030 2801 interpo·
1125 2734 1167 2785 18.
1187 2734 1445 2800 dotccpott'colum:
1461 2732 1616 2798 pericolum

484 2805 546 2855 lotis
566 2821 599 2856 oc
617 2821 661 2871 pro
680 2811 714 2856 ot
733 2805 866 2870 adoptauit
885 2803 932 2869 (cf.
953 2803 1029 2854 Orel·
1071 2803 1133 2855 dicit
1145 2804 1355 2871 experimentum,
1370 2803 1435 2853 nihil
1447 2802 1567 2868 amplius.

485 2875 557 2938 lius),
570 2881 623 2924 tum
637 2877 711 2924 riuos
724 2889 769 2940 pro
783 2877 860 2938 ripas
872 2873 993 2922 mutauit.
1125 2874 1166 2923 19.
1203 2890 1218 2923 o
1243 2873 1364 2924 Lenaee:
1395 2879 1437 2922 est
1460 2870 1614 2921 exclamatio

538 2943 659 2993 14-18.
683 2959 698 2993 o
715 2941 853 2992 Naiadum
866 2969 899 2978 -
913 2943 1027 3006 loquor:
1063 2949 1161 3008 poetae
1175 2941 1246 3007 quasi
1261 2942 1342 2992 inuito
1361 2947 1477 3003 extorta,
1495 2940 1555 2988 dum
1573 2938 1616 2988 ad·

485 3012 534 3062 iam
548 3018 708 3078 praesentem
721 3011 846 3061 Bacchum
864 3009 979 3060 sentiens
992 3010 1030 3058 in·
1070 3011 1187 3061 miratur.
1208 3010 1316 3076 Reliqua
1334 3027 1383 3060 non
1402 3010 1433 3059 etl
1447 3010 1521 3058 deum
1535 3007 1617 3073 loqui-

484 3081 554 3130 timis
572 3081 691 3146 precihus
712 3080 778 3128 hune
800 3079 895 3128 affatur
914 3085 940 3128 et
961 3077 1029 3127 redit
1070 3085 1127 3142 tur,
1152 3079 1198 3128 sed
1223 3081 1254 3129 ad
1280 3081 1411 3129 auditores
1437 3077 1537 3140 dirigit.
1574 3075 1617 3126 Sic

485 3149 516 3198 ad
531 3161 632 3198 carmen
646 3147 676 3196 de
690 3147 802 3196 Caesare
819 3146 1027 3212 componendum.
1070 3149 1178 3196 retunde
1195 3147 1295 3198 Bentlei
1316 3147 1529 3198 haesitationem:
1547 3141 1615 3195 ‘nam

539 3217 580 3264 14.
610 3215 749 3264 Naiadum
769 3221 884 3280 polens:
916 3213 1028 3264 Naiadas
1070 3215 1175 3282 perinde
1189 3223 1229 3266 est
1242 3231 1272 3266 ac
1285 3218 1308 3266 si
1324 3216 1438 3279 dixeris,
1458 3215 1546 3266 Dulce
1565 3220 1614 3276 est,

484 3297 529 3348 pro
551 3283 652 3346 uulgari
673 3281 826 3348 Nymphae.
856 3281 883 3332 ln
909 3281 1028 3347 Orphicis
1072 3300 1087 3334 o
1112 3283 1233 3348 Bacche,
1259 3289 1338 3351 sequi
1359 3286 1508 3336 Bocchum.
1552 3283 1616 3332 Hinc

484 3351 584 3418 hymnis
597 3351 643 3413 (54
655 3351 681 3412 6)
700 3357 775 3416 poeta
787 3349 901 3401 Silenum
919 3351 1029 3416 alloqui·
1071 3353 1234 3403 scribendum
1247 3355 1357 3405 coniecit
1378 3353 1427 3418 Tc,
1442 3353 1558 3418 Lenaee,
1577 3368 1616 3402 se·

484 3427 540 3468 tur:
567 3415 655 3488 Noi'oc
675 3419 723 3470 καὶ
739 3413 866 3486 Βάκχαις
883 3413 1027 3488 ἡγούμενε.
1072 3426 1121 3486 poi
1134 3423 1237 3474 docem.

484 3485 597 3538 Naiades
610 3495 638 3538 ut
650 3488 802 3552 nominaret,
816 3491 943 3555 riporum
956 3503 1029 3555 aspe-
1122 3491 1164 3541 20.
1193 3496 1390 3557 cingentem-
1406 3497 1548 3555 tempora.-
1574 3488 1615 3554 qni

485 3565 541 3608 ctus
554 3556 624 3609 iecit.
1071 3559 1152 3623 cingit
1163 3568 1280 3626 tempora
1292 3576 1348 3611 sna.
1369 3559 1410 3611 Gi.
1427 3560 1459 3609 ad
1473 3557 1520 3608 titt
1535 3557 1550 3608 8
1563 3557 1612 3606 33:

538 3627 578 3678 16.
610 3630 734 3678 uertere.-
761 3631 883 3677 coartare
903 3626 1028 3694 interpre·
1071 3635 1188 3680 ornatos
1200 3631 1288 3680 amali
1300 3636 1424 3695 temporo
1432 3630 1574 3696 pampino.
