3884 5525
520 648 595 700 Xili.
614 647 659 699 ott
673 646 819 701 floaarw
831 648 876 701 hi)
888 647 1035 701 CODICES
1047 648 1216 715 attrthos
1226 666 1285 702 cnr.
1423 656 1476 697 xtt

426 802 462 865 ln
485 801 692 866 huiuscemodi
719 802 794 867 iocis
816 822 922 867 uerum
949 801 1109 885 aliquando
1131 814 1351 868 conseruerunt
1381 804 1474 867 intar-

340 919 442 993 pretcs
456 918 580 971 ueteres
594 906 699 971 hanon
714 919 746 973 et
760 909 964 986 Pescennios,
990 908 1040 991 qni
1056 908 1087 971 in
1103 909 1207 993 primis
1222 921 1310 993 atqne
1325 910 1473 975 interdum

340 1016 439 1078 instar
460 1015 594 1077 omnium
615 1015 757 1078 audiendi
778 1016 895 1093 forent,
919 1014 949 1077 si
968 1016 1174 1079 commentarii
1197 1037 1301 1081 eornm
1317 1018 1428 1101 integri
1443 1030 1474 1081 et

340 1121 460 1185 iniibati
475 1122 512 1184 ad
528 1142 585 1184 nos
606 1122 826 1203 peruenissent.
856 1121 899 1185 At
911 1122 1047 1205 integros
1064 1144 1124 1185 non
1140 1123 1300 1203 habemus,
1326 1125 1399 1189 nihil
1416 1126 1473 1189 nisi
1531 1114 1536 1120 ⁸

341 1228 426 1292 locos
442 1215 483 1291 ex
499 1239 627 1309 utroque
641 1227 799 1311 decerptos
819 1225 964 1309 legimns3
990 1226 1059 1291 hinc
1081 1228 1214 1312 ipsoram
1230 1230 1351 1295 nomina
1366 1232 1397 1294 in
1413 1232 1474 1315 pie·

342 1334 447 1424 risque
462 1334 548 1397 libris
563 1356 654 1397 mann
669 1334 787 1417 scriptis
803 1334 901 1397 deleta
913 1344 995 1412 sont,
1009 1334 1041 1397 in
1056 1336 1157 1419 paucis
1172 1350 1354 1421 comparent.
1378 1338 1473 1401 Multa

343 1441 455 1504 omissa
470 1461 539 1503 esse
554 1461 622 1503 cnm
637 1440 705 1503 aliis
719 1439 838 1503 indiciis
853 1439 1049 1524 intellegitur,
1067 1452 1128 1503 tum
1145 1439 1191 1503 his
1206 1442 1319 1509 duobus
1333 1445 1473 1528 agnosci-

342 1556 404 1611 tnr.
434 1546 699 1611 AdPersiiSatir.
718 1545 801 1609 1156
824 1567 843 1608 a
864 1544 1026 1610 scholiasta
1046 1558 1151 1611 natare
1173 1548 1229 1611 hoc
1251 1550 1377 1613 relatum
1399 1552 1473 1635 legi·

342 1674 427 1716 mus:
450 1652 567 1717 Aaron
584 1652 686 1716 tradit
698 1652 783 1738 quod
796 1655 828 1714 ia
838 1655 969 1736 porticu
984 1654 1139 1739 quondam
1154 1655 1316 1739 Apollinis
1331 1657 1476 1721 Palatini

204 1724 227 1837 'fi
333 1758 471 1843 suerint
491 1760 723 1849 quiaquugahta
742 1758 917 1822 Danaidum
941 1760 1064 1845 effigies
1079 1771 1109 1822 et
1123 1770 1236 1823 eontra
1256 1782 1311 1825 eas
1324 1760 1382 1825 sab
1398 1763 1472 1825 diuo

194 1853 203 1872 ’
344 1866 474 1929 totidem
497 1875 661 1950 equestres
672 1866 817 1950 filiorum
831 1864 993 1951 Aegypti.
1031 1867 1112 1931 Haec
1135 1866 1172 1929 ab
1194 1866 1357 1951 interprete
1377 1869 1473 1933 Persii

341 1972 377 2035 in
389 1969 520 2035 Aesonis
535 1971 750 2035 commentario
765 1970 930 2035 Horatiano
946 1984 1064 2066 reperta
1080 1973 1168 2037 hodie
1184 1995 1329 2056 nusquam
1345 1974 1472 2058 legimus

342 2090 374 2141 et
394 2079 432 2141 ad
455 2077 557 2139 Carm.
575 2077 615 2141 lll
641 2081 698 2153 11,
723 2076 774 2139 nbi
796 2078 933 2141 tradendi
955 2079 1039 2143 iocus
1061 2081 1133 2158 fnit,
1157 2082 1267 2145 frustra
1290 2081 1470 2163 quaerimus.

340 2184 491 2248 Nimirum
507 2182 558 2265 qui
572 2182 686 2246 scholia
701 2184 866 2268 congessit,
884 2185 940 2249 boa
955 2207 997 2249 ex
1007 2186 1127 2251 Acrone
1142 2208 1202 2251 non
1219 2188 1379 2271 excerpsit.
1405 2187 1472 2272 lpse

342 2289 533 2375 Porphyrion
547 2290 585 2352 ad
601 2289 698 2353 Serm.
713 2289 725 2353 Ι
741 2292 760 2353 8
777 2293 817 2353 25
832 2311 873 2354 ex
888 2292 982 2355 altero
998 2304 1232 2357 commentatore
1248 2295 1321 2357 haec
1337 2293 1470 2357 rettulit:

341 2399 470 2460 mertini
489 2418 536 2459 me
560 2388 667 2481 legare
689 2396 775 2480 apud
793 2396 956 2461 Helenium
978 2398 1154 2473 Aaronem,
1188 2399 1350 2482 Saganam
1365 2400 1473 2482 saissa

344 2504 490 2567 libertam
515 2500 679 2588 Poarponii
696 2509 853 2566 senatoris
876 2508 933 2590 qui
954 2526 974 2566 u
995 2506 1170 2568 tricennarius
1191 2514 1238 2565 est
1255 2508 1468 2589 proscriptus.

343 2610 455 2673 Horum
479 2608 553 2671 nihii
576 2608 607 2670 in
630 2608 773 2696 hodierno
795 2610 1152 2674 commentarivoronis
1175 2610 1270 2672 adest.
1304 2610 1356 2672 ttte
1378 2612 1469 2688 anim,
1521 2604 1551 2619 ’”

290 2701 293 2708 ’
341 2717 393 2800 qni
409 2715 542 2804 suscepit
564 2715 746 2800 excerpendi
768 2737 888 2794 curam,
914 2717 988 2782 satis
1004 2738 1072 2782 esse
1094 2716 1221 2780 credidit
1241 2716 1334 2780 semel
1356 2717 1411 2780 hoc
1435 2719 1471 2780 de

343 2824 479 2906 Saganae
493 2827 694 2886 statn'uatara
709 2824 802 2899 uadi,
820 2825 945 2907 ideoque
959 2825 991 2888 in
1006 2825 1101 2888 altero
1118 2824 1331 2888 commentario
1347 2823 1469 2886 delenit.

343 2928 455 2992 Verum
471 2928 522 3012 qni
545 2928 659 2992 scholia
679 2930 858 3013 conscripsit
878 2953 938 2994 non
955 2943 1114 2996 contentus
1135 2931 1191 2995 tuit
1212 2930 1304 2994 multa
1320 2929 1469 3005 omisisse,

343 3037 396 3098 sed
418 3036 497 3098 idam
513 3036 549 3098 de
571 3034 635 3098 suis
650 3045 702 3098 ant
716 3035 842 3100 aliorum
858 3037 963 3120 opibus
980 3040 1081 3117 uaria,
1105 3039 1224 3122 saepius
1240 3037 1340 3120 inepta
1356 3046 1387 3098 et
1400 3035 1472 3098 ridi-

344 3142 409 3206 cnla
425 3140 592 3206 admiscuit.
624 3141 657 3204 ln
680 3140 736 3204 hoc
751 3163 852 3207 rernm
868 3154 948 3207 statu
971 3167 1032 3208 non
1047 3145 1222 3208 mirabimur
1236 3143 1262 3208 si
1284 3143 1364 3206 inter
1379 3163 1473 3206 anno-

344 3248 475 3313 tationes
505 3269 595 3311 sanas
625 3258 656 3310 et
675 3248 784 3311 Latine
806 3270 866 3312 non
895 3251 973 3314 male
993 3254 1119 3336 scriptas
1144 3251 1243 3316 subito
1267 3250 1474 3313 interueniunt

344 3355 475 3418 absurda
490 3365 544 3418 aut
558 3353 685 3417 barbaro
700 3363 841 3418 sermone
857 3359 1032 3440 composita,
1052 3357 1144 3420 ueluti
1160 3358 1195 3420 ad
1213 3356 1313 3419 Carm.
1326 3356 1366 3419 ΙΙΙ
1383 3360 1401 3419 5
1417 3358 1470 3432 42,
1579 3400 1581 3404 -

343 3483 403 3524 non
425 3461 619 3538 mirabimur,
651 3461 676 3522 si
700 3482 742 3524 ex
762 3461 864 3524 Snnvn
887 3465 1101 3526 commentario
1116 3463 1306 3546 Vergiliano,
1337 3463 1411 3526 adeo
1432 3483 1471 3524 ex

343 3567 503 3632 Pmscrmo
519 3569 572 3651 (ad
584 3567 651 3650 Epl.
662 3567 688 3630 H
708 3571 722 3630 1
741 3569 817 3649 228)
833 3568 973 3630 nonnulla
989 3570 1214 3653 superueniunt,
1230 3569 1365 3652 quamuis
1373 3567 1472 3632 Aaron

344 3685 382 3736 ct>
398 3672 588 3757 Porphyrion
607 3675 762 3738 Prisciano
793 3674 902 3756 longe,
928 3675 1033 3738 Seruio
1063 3674 1214 3756 aliquanto
1244 3676 1359 3759 priores
1386 3675 1473 3740 uixe-

343 3779 456 3864 rint').

431 3883 488 3964 Qui
510 3896 760 3950 commentatores
785 3875 937 3950 Horatiani
959 3887 1106 3969 quomodo
1136 3887 1279 3971 prodesse
1301 3887 1418 3970 possint
1437 3890 1473 3952 ad
1574 3975 1577 3980 Ι

411 4106 437 4170 *)
454 4109 492 4159 De
506 4116 592 4159 aetate
603 4108 712 4160 heronis
731 4118 758 4160 et
771 4109 952 4178 Porphyrionis
970 4111 1144 4177 quaestionem
1164 4111 1294 4176 explicare
1313 4119 1341 4163 et
1361 4111 1436 4162 debet
1449 4117 1476 4161 et

343 4178 438 4242 poterit
457 4178 501 4242 qni
520 4178 652 4243 utriusque
673 4181 869 4229 commentarios
888 4179 1007 4229 Fabricio
1028 4181 1120 4230 melius
1145 4195 1177 4230 ex
1197 4179 1269 4230 tibris
1288 4181 1354 4230 iusto
1373 4179 1474 4229 collatis

344 4246 462 4296 editurus
475 4253 525 4308 est,
547 4248 612 4310 qnod
626 4255 654 4296 nt
665 4261 725 4296 mox
737 4247 782 4297 bat
796 4264 856 4298 sane
869 4249 1005 4314 optandum
1018 4257 1067 4298 est.
1092 4247 1164 4298 Nune
1179 4249 1224 4298 boc
1238 4249 1397 4312 significasse
1411 4250 1474 4298 satis

344 4314 389 4376 sit,
409 4317 535 4364 Aaronem
548 4316 595 4366 snb
608 4316 681 4366 finem
696 4316 793 4366 saeculi
807 4332 820 4366 n
835 4317 939 4366 Christo
953 4319 1034 4380 tertii,
1056 4333 1103 4366 non
1116 4317 1194 4366 multo
1207 4325 1265 4384 post
1279 4318 1475 4385 Porphyrionem

344 4383 451 4444 uixisse,
466 4390 600 4447 utrumque
614 4383 714 4435 Graeca
727 4385 825 4448 origine
839 4384 945 4435 Graecis
958 4387 1116 4451 potissimum
1130 4387 1273 4436 horninibus
1286 4387 1393 4436 Latinas
1406 4385 1476 4434 litte-

344 4466 387 4500 ras
400 4451 502 4501 discere
521 4453 680 4517 cupientibus
695 4453 903 4503 commentarium
915 4469 987 4503 snum
1003 4454 1156 4505 destinasse.
1184 4453 1247 4505 Hine
1265 4463 1290 4506 et
1304 4455 1356 4505 alia
1375 4452 1476 4502 intelte-

345 4519 449 4582 guntur,
469 4527 497 4569 et
509 4536 556 4570 cnr
567 4521 593 4570 in
606 4522 701 4571 ordino
713 4522 849 4584 uerborum
867 4522 1003 4572 indicando
1017 4522 1152 4585 diligentes
1166 4522 1269 4574 fuerint.
1296 4523 1346 4589 ipsi
1363 4521 1403 4570 usi
1416 4525 1476 4570 sunt

344 4587 410 4636 libro
430 4589 463 4638 de
480 4593 605 4654 personis
617 4592 779 4641 Horatianis
799 4590 893 4656 scripto
912 4591 997 4641 auiro
1008 4591 1084 4640 docto
1103 4599 1129 4640 et
1146 4607 1229 4641 rerum
1242 4591 1411 4642 Romanarum
1425 4604 1474 4637 non

346 4655 475 4722 imperito.
494 4656 567 4706 hinne
579 4658 695 4710 handanit
707 4658 865 4726 Porphyrion
878 4659 910 4708 ad
925 4657 1008 4709 Serm.
1024 4658 1034 4708 Ι
1049 4660 1063 4707 3
1076 4659 1106 4708 21
1122 4667 1148 4710 et
1161 4660 1204 4709 91.
