3884 5525
456 652 516 716 108
757 643 761 656 ’
954 648 1094 700 ΗΟΗΑΤΙΙ

560 821 598 882 ab
613 817 688 881 loue
702 816 912 894 Neptunoque
926 819 1010 880 sacri
1026 817 1154 880 custode
1170 815 1312 878 Tarenti.

454 943 487 993 ao
558 931 702 1007 neglegis
717 930 870 991 inmeritis
886 930 1062 990 nocituram
1135 973 1137 978 ,

560 1082 722 1160 postmodo
737 1086 768 1142 te
778 1083 866 1143 natis
883 1081 1022 1143 nantem
1039 1083 1242 1158 committere,
1261 1081 1327 1142 sors
1343 1086 1373 1142 et

561 1195 663 1256 uetita
678 1193 748 1254 iura
764 1193 911 1268 uicesque
927 1192 1078 1267 superbae

560 1351 592 1408 te
606 1349 754 1408 maneant
767 1346 887 1420 ipsum=
906 1345 1050 1421 precibus
1066 1359 1128 1404 non
1143 1343 1268 1418 linquar
1281 1344 1402 1418 inultis,

481 1502 485 1510 .
562 1461 655 1532 teque
670 1457 792 1533 piacula
807 1456 894 1517 nulia
909 1456 1081 1517 resoluent.

560 1624 745 1686 quamquam
761 1609 904 1685 festinas,
923 1623 986 1670 non
1002 1612 1051 1669 est
1065 1622 1150 1670 mora
1167 1608 1278 1686 longa3
1295 1608 1402 1668 licebit

561 1721 677 1781 iniecto
692 1724 742 1780 ter
756 1720 885 1795 puluere
900 1733 1022 1780 curras,

522 1873 636 1924 30-31.
655 1874 768 1937 neglegis
780 1902 815 1911 -
827 1874 986 1924 committere
999 1873 1112 1924 Seruius
1125 1872 1161 1921 ad
1174 1873 1278 1938 Vergil.
1295 1870 1391 1936 Georg.
1407 1869 1415 1919 Ι
1430 1871 1489 1920 502.

455 1941 498 1993 30.
517 1941 639 2004 Negiegis
653 1943 766 1992 ABGH:
787 1942 901 2006 Negiigis
912 1958 942 2006 g.
1019 1941 1145 1990 inmeritis
1160 1940 1220 2004 BG,
1241 1942 1317 1990 irner.
1332 1943 1390 2006 Ag:
1410 1939 1508 1988 immer.
1523 1939 1555 1988 H.

454 2010 498 2060 31.
517 2011 667 2060 conmittere
678 2012 711 2060 B.
784 2009 837 2060 fors
851 2019 877 2060 et
887 2012 990 2075 Bng:
1006 2009 1091 2059 iorsan
1103 2009 1179 2068 Aue
1270 2005 1397 2059 '32-33.
1418 2010 1537 2072 uicesque
1547 2034 1583 2042 —

454 2079 541 2210 i3p5sunfi
549 2081 661 2128 Seruius
674 2079 784 2197 umen.
801 2078 821 2159 ii
833 2080 894 2197 4313.
930 2145 951 2211 Q
1001 2079 1043 2128 33.
1064 2077 1264 2196 otlprecibnsgi(i
1335 2074 1580 2194 inuffiis]multisA.

492 2181 499 2196 .
543 2162 675 2213 numquam
742 2163 839 2214 ,quap
873 2163 910 2212 g:
954 2161 1079 2212 nanqnann
1118 2181 1125 2197 .
1268 2161 1368 2196 ,curas
1408 2182 1415 2194 .

506 2315 549 2364 29.
584 2313 763 2381 Neptunoque
790 2320 866 2366 neeri
887 2317 999 2366 eustode
1042 2331 1098 2366 esse
1123 2319 1194 2364 uices
1219 2314 1281 2364 dicit
1302 2314 1407 2364 Seruius
1432 2314 1464 2364 aii
1481 2312 1580 2376 Vergii.

424 2439 427 2445 Ι
457 2382 584 2433 Tarenti:
597 2401 704 2435 suerum
716 2379 803 2452 (ἱερὸν
816 2385 997 2453 πτολίεθρον)
1042 2385 1105 2434 Aen.
1122 2383 1143 2434 ΙΙ
1157 2383 1216 2432 433.

453 2451 590 2502 Tarentum
616 2453 774 2516 nominatur,
805 2455 870 2519 quod
901 2463 942 2504 est
971 2455 996 2503 in
1094 2453 1136 2502 33.
1165 2457 1190 2501 te
1213 2456 1343 2500 maneant
1363 2453 1469 2515 ipsum:
1494 2454 1582 2516 ipsum

455 2521 572 2570 custodia
596 2519 722 2586 Neptuni,
757 2538 805 2587 qno
830 2523 933 2586 genitus
957 2530 998 2573 est
1041 2521 1181 2588 oppositum
1202 2527 1241 2569 esi
1262 2520 1340 2584 priori
1364 2525 1390 2568 te
1409 2523 1499 2579 ποιοίη
1522 2535 1582 2568 οοο-

453 2587 536 2638 Taras
549 2590 666 2639 eonditor
678 2591 759 2640 urbis.
1041 2591 1170 2639 iunciiuus
1183 2589 1275 2654 pendet
1285 2588 1316 2636 ub
1328 2587 1508 2653 imprecatione
1519 2589 1582 2650 (mii-

506 2658 618 2707 30-31.
638 2661 995 2724 neglegis—committere:
1041 2675 1087 2723 gen
1114 2659 1201 2706 deiner
1224 2657 1338 2719 harreu).
1395 2659 1518 2720 precibus
1542 2660 1583 2705 iu-

455 2733 495 2776 est
519 2727 630 2793 protasis
655 2728 834 2795 hypothetica,
860 2744 925 2794 quae
947 2745 996 2779 non
1041 2729 1123 2779 uitis:
1139 2725 1385 2793 quarumuiiuruon
1400 2725 1459 2776 erit.

454 2794 541 2845 efferri
551 2797 624 2845 debet
634 2813 679 2862 per
689 2799 925 2861 interrogationem,
936 2799 997 2862 quia
1093 2797 1135 2845 34.
1161 2796 1271 2859 piacula
1289 2795 1380 2844 nulia:
1404 2794 1504 2859 piaeuin
1524 2800 1582 2843 suut

417 2916 426 2932 Ι
454 2864 485 2913 de
504 2881 532 2915 re
554 2864 640 2914 futuru
653 2873 679 2915 et
697 2867 721 2914 in
735 2868 811 2915 litore
825 2866 927 2933 iiiyrieo
940 2882 998 2931 per·
1039 2866 1195 2931 καθαρμοί,
1215 2864 1306 2928 quibus
1319 2864 1402 2913 scelus
1421 2878 1469 2927 quo
1483 2862 1540 2927 quis
1553 2878 1580 2912 se

454 2935 552 2995 agenda
565 2949 647 2983 sermo
660 2942 708 2984 est.
736 2934 800 2984 Hine
819 2941 846 2984 te
857 2940 993 2997 moneant,
1040 2934 1190 2993 obstrinxit,
1205 2933 1325 2981 soluitur.

455 3018 504 3051 non
530 3008 556 3051 te
579 3008 719 3051 monent..
749 3004 895 3067 postmodo
920 3003 996 3066 iunge
1092 3001 1214 3050 35-36.
1236 3002 1328 3050 licebit
1345 3028 1380 3037 -
1398 3016 1510 3050 curras:
1532 3016 1581 3048 non

453 3085 510 3118 eum
522 3074 686 3132 nociturum,
699 3085 747 3118 non
758 3086 815 3119 eum
829 3077 856 3121 te
865 3076 905 3134 (=
916 3086 948 3121 ex
959 3071 996 3133 te)
1040 3068 1101 3117 dicit
1114 3070 1332 3131 treet-corrue,
1349 3071 1392 3119 sed
1407 3070 1506 3127 licebit,
1521 3068 1581 3133 quia

453 3141 539 3186 eutis.
881 3188 885 3196 ‚
1039 3136 1153 3200 loquitur
1166 3138 1196 3187 de
1210 3154 1237 3187 re
1252 3138 1278 3187 in
1292 3138 1395 3204 illyrico
1410 3138 1486 3188 litore
1500 3137 1581 3187 susei-

504 3204 546 3253 31.
576 3204 728 3268 srarrdem:
762 3206 864 3269 impium
896 3205 996 3255 fucinus
1038 3204 1142 3269 pienda.
1382 3225 1383 3228 ¹

445 3272 579 3336 fraudem
593 3271 664 3332 uicit,
685 3279 809 3336 quatenus
823 3272 912 3322 sunere
927 3274 1012 3322 iren-¹
1091 3273 1133 3323 36.
1153 3276 1253 3323 iniecto
1274 3280 1316 3323 ter
1332 3274 1464 3339 proluere:
1487 3274 1510 3323 si
1524 3272 1580 3323 fieri

453 3341 557 3389 dubitur
579 3347 704 3388 mortuus.
763 3342 831 3404 sors
856 3347 883 3390 et
906 3342 995 3392 debita
1039 3342 1137 3405 poluit,
1163 3342 1230 3407 χοαὶ
1250 3341 1580 3409 rplonoreioeiiae,me1,

452 3412 531 3458 iuro:
552 3406 604 3457 iors
617 3414 657 3456 est
675 3410 753 3458 maris
772 3425 862 3458 nasus:
885 3425 941 3459 nam
954 3415 996 3460 in·
1039 3410 1139 3473 uinum)
1153 3411 1292 3475 dabantur3
1306 3427 1351 3476 pro
1365 3412 1456 3475 quibus
1469 3410 1581 3460 sufficie·

444 3477 607 3541 fortunium
626 3482 654 3524 ut
673 3476 853 3541 intellegatur,
879 3480 1015 3543 proxima'
1039 3477 1083 3527 bat
1108 3486 1148 3529 ter
1178 3481 1307 3545 puluerem
1333 3480 1404 3529 iuiei.
1445 3479 1582 3544 Sophocles

452 3544 576 3593 uocabula
599 3545 700 3607 (uetita
721 3550 783 3596 iura
806 3551 930 3611 eriemque
950 3566 995 3598 su·
1039 3546 1201 3611 insignio:
1217 3549 1264 3599 καὶ
1272 3542 1468 3631 χερσὶνεῦθὺς
1481 3546 1583 3611 διψίαν

449 3615 559 3679 perone)
575 3612 680 3663 iaciunt.
700 3615 824 3679 Aliisoru
837 3622 866 3664 et
877 3619 995 3681 profer·
1039 3618 1116 3681 φέρει
1126 3611 1209 3676 κόνιν,
1220 3616 1273 3667 ins
1290 3610 1453 3681 εὐκροτήτου
1462 3616 1583 3681 χαλκέας

453 3687 524 3731 losse
537 3683 674 3747 precipiunt,
688 3690 716 3732 ut
729 3692 769 3733 est
782 3700 843 3734 sane
857 3686 922 3750 opud
931 3685 994 3735 Ver·
1038 3681 1127 3749 ἄρδην
1147 3682 1253 3752 πρόχου
1269 3688 1365 3751 χοαῖσι
1386 3677 1582 3747 τρισπόνδοισι

451 3750 655 3813 giliumAen.Xi
672 3752 712 3813 19,
729 3752 992 3819 Propertiumii913
1039 3748 1086 3806 τὸν
1103 3756 1184 3805 νέκυν
1204 3759 1308 3818 στέφει.
1341 3748 1578 3813 QuintiisseeIam.

452 3819 573 3869 Horatius
587 3836 634 3869 non
649 3820 766 3871 admisit:
786 3823 855 3871 aliud
875 3824 941 3873 enirn
955 3832 995 3874 est
1039 3826 1053 3873 5
1068 3826 1098 3874 6:
1117 3826 1177 3871 lnior
1189 3828 1217 3871 et
1226 3822 1270 3871 ille
1284 3824 1359 3868 irenr't
1369 3821 1491 3883 effeetus,
1508 3820 1582 3882 quod

444 3888 536 3953 forsit
548 3891 724 3953 prosnrer'tao
740 3890 821 3940 Serm.
836 3891 844 3940 Ι
859 3892 874 3941 6
886 3893 930 3941 49.
1037 3895 1139 3959 egrotis
1149 3890 1326 3939 cadaueribus
1337 3888 1446 3935 onmem
1458 3892 1579 3951 roregeri·

504 3955 546 4006 32.
566 3961 693 4022 uicesque
704 3962 849 4023 superiore:
873 3958 895 4009 si
909 3960 994 4023 negie-
1037 3977 1104 4020 mus,
1118 3964 1146 4007 et
1158 3956 1322 4021 insepultum
1333 3954 1470 4020 quodlibet
1482 3972 1580 4025 corpur

451 4039 511 4087 gns,
537 4032 606 4074 tuum
628 4042 719 4092 eorpus
740 4036 795 4093 post
817 4036 922 4077 mortem
944 4044 993 4077 non
1037 4029 1112 4077 nolin
1126 4028 1276 4090 seslr'nett'o
1297 4030 1353 4072 torre
1372 4023 1470 4087 rupida
1490 4030 1580 4074 trans·

450 4093 534 4141 rninns
546 4102 714 4160 contemptum
735 4104 760 4146 et
779 4112 794 4146 a
813 4097 930 4161 superbis
948 4098 994 4145 iro-
1036 4098 1133 4155 currit,
1144 4094 1492 4159 otnonqoantotoeumqee
1502 4110 1580 4143 uane-

450 4161 561 4212 minibns
574 4178 622 4211 non
633 4164 760 4215 humatum
771 4164 874 4215 iacebit.
894 4165 993 4215 Poenas
1036 4170 1114 4214 retur
1126 4167 1252 4227 aggestu.
