3884 5525
442 562 504 623 add
701 583 704 590 ι
936 554 1076 607 nonani

569 726 716 791 Threicio
731 725 875 802 aquilone
890 729 1023 787 sonant:
1048 725 1218 801 rapiamus,
1236 724 1339 801 amici,

615 838 812 900 occasionem
828 837 865 897 de
880 837 941 913 die,
959 837 1094 912 dumque
1108 836 1213 897 ulrent
1227 850 1332 912 genua

457 1006 472 1054 ι
572 997 604 1054 et
619 992 719 1067 λοισι,
737 990 871 1052 obducta
885 972 1031 1053 soluatur
1046 990 1149 1051 tronto
1165 992 1323 1051 senectus.

614 1108 650 1165 tu
664 1104 739 1168 uina
753 1101 915 1178 Torquato
931 1116 1022 1163 moue
1037 1100 1166 1163 consule
1180 1115 1291 1177 pressa
1305 1113 1384 1163 meo.

529 1309 532 1314 Α
572 1260 676 1319 cetera
691 1256 781 1319 mitte
795 1255 899 1331 loqui:
918 1255 996 1317 deus
1011 1255 1088 1317 haec
1104 1256 1241 1317 tortasse
1256 1254 1391 1331 benigna

613 1367 742 1429 reducet
755 1367 788 1427 in
804 1366 909 1427 sedem
925 1366 1008 1428 uice.
1033 1380 1116 1427 nuno
1132 1370 1164 1427 et
1178 1364 1389 1427 Achaemenio

513 1538 538 1590 3.
557 1534 676 1589 Threicio
689 1539 771 1603 Ago:
790 1536 906 1588 Threitio
920 1538 953 1601 B,
973 1534 1093 1587 Trabicio
1107 1538 1131 1587 H
1136 1574 1144 1600 ,
1166 1535 1268 1587 Treicio
1282 1536 1312 1588 S.
1417 1536 1443 1585 l.
1463 1532 1574 1585 Caetera
1656 1542 1661 1551 ·

444 1606 474 1656 S.
550 1606 634 1671 mitte,
652 1622 762 1673 supcrp.
776 1623 803 1657 α.
816 1622 854 1657 m.
869 1606 967 1669 omitte,
981 1607 1016 1657 A.
1126 1606 1203 1657 7-8.
1225 1606 1287 1656 deus
1300 1632 1333 1643 -
1346 1604 1402 1655 alce
1414 1605 1574 1655 Priscianus

446 1674 468 1724 ll
485 1675 537 1723 16.
642 1676 668 1725 8.
688 1676 836 1725 achemenio
856 1676 915 1725 cod.
929 1692 964 1725 m.
981 1680 1135 1725 correctum
1154 1674 1318 1727 achaemenio
1331 1675 1371 1737 A,
1392 1672 1573 1744 hachaemonio

444 1745 590 1807 (punctum
601 1743 638 1795 σί.
652 1760 689 1795 m.
704 1744 888 1811 suppositum)
903 1745 934 1807 B,
954 1744 1101 1794 achemenio
1114 1744 1157 1809 (ιίι
1169 1744 1195 1795 H
1202 1746 1282 1809 priua
1294 1758 1308 1793 e
1321 1747 1349 1793 ia
1362 1743 1458 1806 litura,
1471 1742 1536 1807 fuit
1547 1742 1574 1805 o)

445 1812 517 1877 HSg.

445 1993 621 2055 carpoticen,-
636 1991 829 2055 ceneracici,
849 1986 989 2056 ‘niuesque
1030 2007 1097 2043 sem:
1121 1990 1229 2060 μᾶλλον
1247 1987 1424 2041 ἐδεδοίκεσαν
1443 1990 1482 2055 (οἱ
1501 1984 1576 2056 ἀμφὶ

446 2089 479 2099 -
490 2054 598 2111 ciluac'.
1031 2055 1079 2111 τὸν
1090 2060 1234 2129 Καίσαρα)
1248 2054 1319 2109 αὐτό
1332 2060 1421 2110 τεκαὶ
1437 2056 1486 2110 τὸν
1500 2074 1576 2125 χει-

499 2131 524 2179 1.
543 2128 648 2179 caelum
665 2130 986 2179 contraacitctimbrcs:
1029 2130 1129 2199 μῶνα
1165 2123 1374 2196 προσιόντα.
1423 2128 1577 2179 Plutarchus

445 2206 475 2248 ut
493 2199 519 2247 in
539 2198 639 2247 homino
656 2204 787 2249 contracta
808 2198 879 2249 leons
892 2197 989 2248 seueri·
1031 2200 1103 2248 Brut.
1117 2215 1141 2248 e.
1152 2200 1199 2248 47:
1215 2193 1296 2249 οὐδὲν
1308 2195 1339 2248 dt
1350 2198 1458 2263 βέλτιον
1470 2194 1526 2263 εἶχε
1540 2191 1576 2245 τὰ

445 2268 508 2317 tatis
537 2273 563 2317 ct
593 2281 711 2316 curarum
742 2274 918 2331 argumentum
949 2273 989 2316 cst
1032 2260 1187 2348 πράγματα
1211 2270 1267 2323 τοῖς
1288 2267 1355 2335 περὶ
1372 2268 1506 2335 Καίσαρα
1527 2264 1578 2315 καὶ

445 2335 540 2399 (Sarna.
557 2334 699 2398 112125),
717 2335 754 2385 sic
768 2342 906 2402 tempestas
920 2334 990 2385 iron·
1029 2332 1178 2387 Ἀντωνιον
1208 2329 1319 2385 „dit
1348 2329 1494 2401 κοιλότητα
1525 2335 1576 2383 τοῦ

446 2412 497 2455 tem
516 2404 581 2454 caeli
602 2419 717 2454 serenam
730 2403 756 2453 ia
769 2420 846 2469 rugas
859 2404 990 2455 contrahit
1033 2402 1224 2474 στρατοπέδου
1245 2404 1408 2473 χειμῶνα
1429 2396 1577 2485 μοχθηρὸν

447 2472 561 2523 collectis
585 2472 704 2522 nubibus.
731 2472 826 2525 Eadem
852 2480 990 2539 tempestas
1033 2472 1237 2543 προσδοκῶσιν.
1258 2466 1423 2542 Ελλοόμενοι
1438 2490 1492 2543 γαρ
1506 2466 1577 2537 πρὸς

447 2542 542 2591 imbres
554 2541 692 2604 contrahit,
710 2542 736 2592 h.
750 2558 774 2592 e.
790 2542 883 2593 densos
896 2544 990 2593 imbres
1033 2538 1106 2593 ἕλεσι
1118 2542 1165 2592 καλ
1176 2536 1249 2610 μετὰ
1263 2536 1313 2607 τὴν
1324 2537 1418 2611 μάχην
1431 2544 1499 2607 (post
1508 2541 1577 2607 prio-

447 2611 567 2661 addueit:
588 2625 645 2661 nam
658 2611 696 2660 sic
710 2612 805 2661 rectius
817 2628 873 2662 cum
888 2610 989 2661 libroll
1033 2628 1086 2663 rem
1110 2613 1229 2677 pugnam)
1254 2604 1367 2678 ὄμβρων
1397 2614 1577 2677 φθινοπωρι-

447 2680 562 2742 iungitur
571 2694 645 2744 qnam
658 2681 757 2730 imbres
770 2684 898 2748 niuesque
907 2680 990 2730 dedu-
1032 2682 1089 2745 νῶν
1107 2678 1313 2749 ἐπιγενομένων
1330 2680 1419 2744 πηλοῦ
1437 2682 1577 2746 κατεπίμ-

448 2749 613 2800 ουκίίοαοια
1033 2750 1139 2801 πλαντο
1164 2743 1213 2807 τὰς
1237 2743 1339 2814 σκηνὰς
1365 2748 1412 2800 καλ
1443 2739 1578 2806 ὕδατος

499 2819 524 2868 2.
544 2816 937 2884 ntuccpucdeducuntlouem:
951 2815 992 2867 lo·
1031 2821 1251 2888 παραχρῆμα
1269 2819 1498 2938 πηγνυριίνου
1517 2812 1577 2868 διὰ

447 2902 505 2938 uem
523 2887 589 2938 alias
601 2887 714 2953 pluuium
734 2903 800 2938 nunc
813 2887 886 2936 niues
898 2887 991 2960 inter·
1033 2897 1056 2954 ψ
1066 2889 1080 2937 d
1084 2905 1155 2954 χος.
1176 2887 1260 2938 llabes
1279 2888 1373 2938 imbres
1409 2888 1494 2938 orrida
1514 2895 1578 2936 teun-

448 2971 503 3005 ranr
528 2955 664 3007 deducunt.
689 2957 821 3008 Anacreon
846 2955 925 3021 (frog.
944 2956 990 3018 m:
1033 2965 1131 3024 pestate
1145 2963 1302 3006 contractos.

449 3026 504 3073 Δία
517 3019 542 3073 d’
557 3017 649 3092 ἄγριοι
658 3027 796 3093 χειμῶνες
809 3016 990 3090 κατάγουσιν.
1084 3026 1161 3076 3-4.
1182 3029 1333 3090 rapiamus,
1348 3027 1429 3075 amici
1433 3062 1441 3088 ,
1457 3026 1577 3074 occasio-

501 3094 579 3144 2-3.
597 3110 667 3144 ιιυοο
678 3110 762 3157 marc,
778 3109 848 3144 ureae
859 3095 945 3144 τίίαασ
957 3120 988 3130 -
1032 3111 1093 3144 nom
1106 3095 1138 3145 de
1151 3095 1209 3144 dio:
1227 3094 1369 3160 alloquitur
1380 3093 1575 3156 commilitones,

448 3167 565 3212 toneat.-
593 3162 725 3227 praeclare
749 3164 813 3213 hacc
837 3162 992 3227 respondent
1034 3163 1145 3214 luctasse
1158 3162 1274 3213 tribunos
1293 3163 1420 3214 militares
1440 3163 1495 3212 sic:
1515 3161 1576 3226 quia

449 3230 545 3279 castris
570 3228 773 3293 Philippensibus
798 3235 824 3278 et
850 3245 916 3279 anno
941 3229 992 3278 712
1034 3232 1111 3282 solita
1124 3239 1264 3282 castrorum
1280 3231 1381 3296 negotia
1394 3238 1420 3280 et
1430 3245 1508 3280 curae
1521 3244 1577 3278 ces-

449 3296 775 3360 tuncadlincnruergenti:
790 3297 993 3362 quippescpten-
1033 3308 1101 3364 sant,
1122 3301 1279 3352 occasionem
1301 3300 1401 3363 potandi
1421 3299 1451 3348 de
1472 3299 1513 3348 die
1533 3314 1577 3347 cu·

449 3365 559 3414 trionem
578 3379 669 3413 uersus
681 3380 759 3430 prope
772 3365 881 3414 aberant
892 3367 991 3430 siluae,
1033 3370 1092 3437 pide
1111 3369 1249 3436 capiamus.
1281 3369 1321 3420 De
1340 3369 1382 3419 die
1400 3368 1475 3434 paulo
1495 3367 1578 3417 minus

449 3431 989 3498 inmortalemsinusuariimarehegcei.
1033 3445 1073 3488 est
1098 3453 1171 3504 quam
1196 3438 1228 3488 de
1251 3437 1338 3488 medio
1361 3437 1413 3487 dic.
1438 3435 1577 3486 Terentius

449 3500 579 3567 Appianas
593 3500 642 3552 BC.
660 3500 703 3551 llll
718 3503 782 3552 105:
804 3500 860 3568 ἔχει
880 3500 910 3552 dt
929 3498 991 3566 (πό-
1033 3507 1140 3572 Adelph.
1156 3504 1177 3556 V
1190 3505 1205 3555 9
1219 3506 1250 3556 8:
1265 3521 1402 3572 apparare
1415 3505 1447 3554 de
1460 3505 1503 3554 dic
1516 3519 1577 3554 con-

449 3564 990 3652 lcc‘l’llcrrnoc)rppdcpalvoipxtpdpu·
1034 3579 1148 3626 aicium.
1176 3573 1294 3625 Catullus
1312 3577 1343 3624 47
1363 3576 1394 3624 5:
1417 3589 1466 3624 uos
1486 3576 1578 3623 ουυυί-

448 3646 517 3764 ’όὲἕ
525 3637 815 3760 ἓιῖίιλίλόίιῖλ
831 3643 992 3779 &iiiiii
1034 3649 1080 3764 όὲ
1096 3644 1184 3763 leth
1200 3641 1576 3778 ltath‘ttdtttdltt

450 3778 550 3843 Aquilo
571 3777 710 3829 Threicius
736 3794 750 3828 a
769 3788 853 3830 monte
873 3780 991 3846 Pangaeo
1034 3781 1060 3844 3,
1075 3781 1106 3832 do
1118 3781 1209 3830 medic
1222 3781 1279 3830 luce
1292 3779 1349 3847 llpl.
1366 3779 1478 3830 11434.
1500 3777 1577 3827 Bent-

450 3855 476 3896 et
489 3845 607 3912 Rhodope
625 3863 658 3897 ex
676 3846 763 3897 uicina
775 3847 901 3900 Thracum
920 3857 990 3898 terra
1034 3850 1101 3900 lelus
1113 3851 1199 3900 amice
1211 3849 1337 3913 coniecit;
1357 3848 1392 3900 cl.
1407 3849 1438 3898 ad
1454 3863 1479 3896 u.
1490 3848 1516 3897 6.
1536 3845 1578 3896 Si-

450 3914 533 3964 hauit.
551 3914 643 3964 Strabo
652 3914 699 3966 Vll
712 3915 802 3979 lragm.
812 3918 858 3968 342
873 3918 992 3966 πλεῖστα
1034 3919 1102 3968 milis
1121 3917 1240 3968 allocutio
1258 3926 1298 3969 est
1317 3917 1327 3968 l
1348 3918 1378 3968 27
1400 3919 1414 3966 l
1435 3923 1461 3966 et
1481 3915 1491 3965 l
1512 3915 1542 3964 37
1560 3916 1576 3963 4

449 3977 571 4062 μέταλλά
584 3981 643 4034 ἔστι
652 3985 760 4051 χρυσοῦ
772 3983 802 4036 ἓν
814 3989 875 4042 ταῖς
886 3987 992 4054 Κρηνί-
1035 3986 1176 4052 (cadaloe).
1194 3988 1210 4021 ¹

452 4063 512 4109 σιν,
538 4067 610 4100 σπου
631 4053 683 4103 νῦν
705 4052 732 4102 οἱ
753 4053 894 4104 Φίλιπποι
913 4048 994 4110 πόλις
1086 4051 1513 4120 4.dumpucacir·cntgenua:19
1529 4052 1576 4102 17:

450 4117 576 4188 ἵδρυται,
610 4121 729 4184 πλησίον
764 4123 812 4172 τοῦ
842 4125 992 4188 Heptalou
1036 4124 1577 4174 donecuirenticaar'la'asadeatmorosa.

450 4178 539 4254 όρους.
559 4187 626 4236 ldcm
641 4188 731 4252 fragm.
745 4191 795 4240 42:
813 4192 859 4254 τῆς
872 4139 940 4240 dylv
953 4191 993 4254 τῷ
1035 4191 1086 4242 Sed
1099 4209 1164 4242 nunc
1178 4207 1227 4242 non
1245 4197 1297 4240 tam
1317 4191 1347 4241 de
1365 4191 1461 4241 canitie
1479 4189 1579 4254 cogita·

450 4257 634 4338 eropcovtxpi
657 4253 751 4324 κόλπῳ
780 4259 920 4328 παραλίας
944 4260 993 4322 τῆς
1035 4262 1084 4325 uit,
1098 4277 1172 4326 quarn
1183 4261 1213 4318 dc
1226 4259 1329 4310 casibus
1343 4259 1463 4310 instantis
1475 4258 1578 4324 proelii,

451 4319 509 4373 ἄπο
527 4324 659 4387 Γαληψοῦ
677 4327 762 4395 μέχρι
780 4330 889 4378 Νέστου
909 4322 992 4394 ὑπέρ-
1035 4331 1101 4396 quod
1127 4346 1157 4380 na
1181 4329 1317 4378 multorum
1342 4343 1425 4392 genua
1454 4327 1579 4392 solueret,

451 4407 557 4444 κεινται
576 4391 602 4444 οἱ
618 4391 786 4465 [Φίλιπποι]
806 4397 853 4445 καὶ
872 4390 906 4445 τὰ
925 4397 992 4465 περὶ
1034 4398 1174 4450 metuebat.
1200 4397 1298 4448 Plinius
1316 4395 1369 4448 ΝΗ.
1385 4395 1421 4446 xl
1442 4395 1578 4461 103(45):

453 4462 624 4519 Φιλίππους.
642 4461 698 4512 Νοο
718 4465 801 4514 minus
813 4465 922 4514 historia
933 4481 992 4515 con·
1030 4471 1104 4517 a'ncct
1121 4471 1156 4517 iis
1177 4465 1314 4532 (genibnsh
1328 4466 1466 4516 vitalitas.
1494 4465 1581 4516 Nem-

388 4583 392 4588 ,
451 4529 522 4579 cinit.
542 4529 672 4596 Appianas
686 4531 733 4582 BC.
752 4531 797 4582 llll
819 4533 867 4582 122
887 4534 918 4582 de
938 4534 992 4584 dic·
1035 4553 1084 4602 pue
1097 4540 1124 4586 ιἰι
1137 4539 1198 4602 ipsa
1208 4551 1280 4602 genu
1293 4538 1435 4600 utriusque
1452 4536 1580 4584 commis-

451 4595 499 4648 bus
517 4606 574 4661 post
592 4614 699 4662 pugnam
719 4599 828 4666 priorem
848 4599 992 4668 Philippen—
1034 4621 1100 4654 sara
1114 4606 1268 4670 --gemiaa
1286 4603 1420 4668 quaedam
1434 4603 1580 4654 buccarum
