3884 5525
474 672 587 714 xxarur
674 660 678 664 ’
907 663 1169 716 PROLEGOMENA.

456 779 555 904 *ptum
578 819 669 883 161666
695 838 737 881 ex
758 817 853 901 signis
875 840 895 881 r
913 829 944 881 at
954 841 981 903 p
997 820 1034 900 (P
1049 820 1106 900 ll),
1131 828 1234 901 oetg
1250 816 1289 899 (C
1306 815 1346 895 G)
1369 836 1459 901 saepe
1482 779 1601 881 mutatis

474 926 637 1007 colligitur.
661 924 854 988 Membrauae
871 946 976 1008 parcus
993 923 1166 1007 compendia
1182 923 1349 1006 scripturae
1364 925 1512 1007 permulta
1527 925 1603 989 scri-

370 1022 374 1030 *
475 1044 542 1115 ptor
555 1030 710 1096 attibuit„

561 1138 666 1202 Codex
689 1137 851 1201 Berneusis
873 1136 905 1199 in
929 1136 1016 1199 bonis
1039 1134 1218 1199 lectionibus
1241 1157 1307 1197 cnm
1328 1146 1432 1199 uetere
1448 1138 1603 1201 Blandinio

474 1246 516 1307 ita
530 1244 697 1320 consentit,
723 1254 757 1307 ut
778 1254 936 1323 utrumqne
958 1243 1066 1308 librum
1082 1244 1186 1307 eodem
1204 1244 1285 1305 fonte
1301 1244 1418 1307 ductum
1433 1265 1503 1309 esse
1518 1266 1605 1327 appan

474 1362 550 1415 reat.
577 1350 767 1432 Quapropter
782 1348 912 1411 dubitari
930 1331 1051 1431 nequit,
1076 1350 1145 1431 quin
1161 1350 1191 1411 in
1207 1350 1371 1427 bernensi,
1395 1351 1422 1415 si
1445 1354 1604 1433 productus

474 1468 559 1519 esset
572 1430 668 1537 deque
682 1456 718 1521 ad
736 1454 833 1518 Serm.
848 1454 864 1536 l
880 1458 900 1518 6
919 1458 991 1535 126,
1012 1457 1167 1519 16666166
1193 1456 1272 1517 foret
1293 1476 1395 1519 rarum
1418 1456 1491 1521 illud
1503 1458 1604 1541 scapio

474 1584 613 1645 campum
629 1564 791 1647 lucernaque
808 1565 987 1639 trr'gouam.r
999 1560 1063 1625 Nec
1079 1560 1235 1642 quicquam
1250 1562 1373 1623 bonitati
1391 1582 1425 1623 ac
1439 1562 1508 1623 6661
1524 1564 1605 1625 6661-

474 1668 518 1733 616
530 1668 695 1750 derogatur
710 1666 787 1749 quod
804 1667 936 1749 scriptor
951 1668 1034 1743 eius,
1060 1688 1126 1729 cum
1142 1666 1217 1729 ortis
1233 1667 1382 1730 scribendi
1400 1688 1458 1729 non
1475 1678 1536 1729 tarn
1559 1668 1605 1731 in-

474 1774 587 1858 peritus
604 1796 691 1856 qnam
707 1773 739 1835 in
754 1792 791 1833 co
807 1771 929 1853 negotio
951 1793 1056 1853 parurn
1080 1772 1235 1835 exercitus
1258 1784 1357 1850 esset,
1383 1773 1605 1837 multa-calami

474 1880 548 1943 uitia
562 1880 733 1959 admisu).
760 1878 843 1956 Quae
858 1877 977 1960 propria
995 1878 1192 1945 describentis
1209 1888 1330 1961 peecata
1353 1879 1497 1945 eiusmodi
1520 1892 1602 1957 sunt,

474 1996 507 2047 ut
522 1984 666 2066 hospitem
684 1984 799 2060 fallere,
818 1969 932 2066 peribas
946 1984 977 2045 16
994 2004 1127 2049 errorem
1144 1986 1251 2049 ducere
1266 2005 1325 2049 non
1342 1986 1468 2068 possint.
1501 1987 1605 2069 ltaque

473 2088 727 2173 operaepretium
742 2091 877 2155 facturus
892 2089 964 2153 mibi
981 2090 1066 2155 uisus
1082 2112 1159 2168 sum,
1175 2092 1201 2155 si
1216 2092 1297 2155 illum
1314 2091 1421 2157 librum
1437 2104 1504 2177 post
1520 2094 1604 2157 Orel-

473 2195 544 2257 lium
562 2204 592 2256 et
606 2194 764 2260 Miillernm
782 2196 880 2259 denuo
895 2206 1090 2275 excuterem,
1108 2210 1333 2263 antecessorum
1350 2217 1470 2265 errores
1487 2211 1538 2263 aut
1559 2210 1604 2263 ta·

473 2299 531 2367 cite
547 2310 611 2376 aut,
628 2301 655 2363 si
669 2320 720 2364 res
736 2300 890 2384 postulare
905 2300 1074 2379 uidebatur,
1094 2305 1194 2383 addita
1209 2304 1294 2369 breui
1310 2305 1513 2371 admonitione
1529 2308 1604 2385 (sic)

473 2407 676 2491 corrigerem
700 2430 786 2490 quam
803 2427 924 2491 operam
940 2429 969 2471 a.
985 2410 1066 2473 1850
1082 2422 1231 2475 executus
1247 2432 1324 2476 sum.

558 2514 617 2576 Sed
633 2516 769 2597 quoniam
787 2526 873 2579 uetus
887 2516 1049 2578 dernensis
1071 2517 1102 2581 in
1122 2517 1311 2581 sermonibus
1329 2518 1443 2581 Horatii
1459 2528 1528 2601 post
1543 2529 1604 2581 tres

473 2619 582 2683 satiras
598 2622 707 2698 delicit,
726 2641 768 2683 ex
782 2620 919 2703 epistulis
935 2632 1056 2704 praeter
1070 2634 1165 2689 artem
1182 2625 1328 2707 poeticam
1344 2624 1375 2689 in
1393 2625 1531 2707 exempla
1549 2644 1604 2687 sua

473 2726 549 2793 nibil
563 2727 686 2805 asciuit,
702 2727 733 2790 in
749 2726 804 2790 bec
820 2738 903 2810 parte
918 2729 1097 2816 scriptorum
1115 2729 1233 2797 Horatii
1249 2730 1367 2812 aliquod
1383 2730 1604 2796 uetustissimo-

472 2855 539 2897 rum
555 2835 690 2897 codicum
706 2833 943 2916 supplementum
959 2834 1175 2902 desideramus.
1203 2837 1233 2898 ld
1257 2837 1370 2900 nostris
1387 2835 1489 2899 diebus
1506 2855 1603 2899 emer·
1667 2907 1670 2912 ¹

473 2941 514 3004 sit
528 2940 685 3016 eiusmodi,
704 2949 735 3001 ut
749 2939 865 3024 gratius
881 2938 936 3001 uix
950 2939 1106 3024 expectari
1123 2942 1263 3023 potuerit.
1289 2943 1409 3004 Scilicet
1431 2961 1491 3002 non
1511 2945 1610 3004 mem?

474 3046 575 3108 brana
590 3045 735 3126 quaedam
750 3045 820 3108 noni
837 3045 950 3111 saeculi
965 3048 1002 3112 ad
1019 3057 1139 3110 ueteres
1155 3069 1226 3130 opes
1242 3047 1388 3124 accessit,
1414 3047 1467 3110 sed
1484 3058 1603 3130 reperta

474 3159 521 3213 est
536 3149 648 3212 aborta
663 3151 775 3213 saeculi
791 3151 1006 3234 quintidceimi,
1022 3175 1097 3238 quae
1109 3153 1295 3216 membranas
1311 3153 1446 3234 antiquas
1457 3173 1522 3240 ‘non
1539 3153 1603 3236 qui-

473 3256 538 3318 dem
555 3255 693 3320 omuibus
709 3256 863 3340 partibus,
886 3259 940 3323 sad
959 3269 1060 3324 tamen
1084 3259 1114 3322 in
1136 3255 1210 3322 locis
1231 3269 1278 3322 sat
1293 3259 1395 3324 multis
1412 3259 1507 3341 possit
1522 3281 1603 3322 com-

473 3381 621 3445 pensare,
654 3361 720 3424 dico
749 3364 881 3426 codicem
905 3365 1081 3428 Galbanum
1105 3367 1257 3444 alterum,
1290 3376 1421 3428 notatum
1451 3363 1482 3427 in
1506 3366 1603 3429 ducali

473 3467 652 3531 bibliotheca
669 3467 806 3532 Gotbana
822 3470 879 3534 cb.
900 3471 937 3534 B.
955 3473 1017 3548 61,
1042 3471 1221 3556 descriptum
1242 3493 1259 3534 a
1274 3473 1418 3536 Ioeobsa'o
1433 3483 1463 3534 et
1480 3472 1603 3536 Vbertc

473 3574 1050 3660 (11611νᾶ366666116666611666166.
1068 3577 1187 3661 Lipsiae
1207 3580 1301 3658 1835,
1323 3577 1384 3642 uol.
1402 3577 1413 3640 Ι
1430 3600 1459 3662 p.
1478 3581 1601 3673 23516

475 3678 513 3742 0.
532 3679 707 3743 Hirobneao
722 3680 768 3761 (in
784 3681 888 3746 Nouia
905 3685 1032 3765 (166661.
1052 3685 1181 3760 Horat,
1200 3684 1283 3768 Lips.
1304 3686 1384 3748 1847
1400 3705 1429 3766 p.
1449 3686 1489 3744 22
1505 3688 1600 3764 sqq.).
1683 3761 1684 3766 γ

475 3786 566 3850 Cuius
583 3785 650 3850 libri
667 3788 764 3852 uirtus
779 3799 811 3852 et
825 3791 953 3872 pretium
974 3812 1041 3854 cum
1065 3789 1102 3854 ob
1123 3789 1197 3854 alias
1221 3790 1364 3854 lectiones
1386 3788 1480 3850 bonas
1502 3787 1601 3872 magni

473 3891 667 3971 aestimatur,
694 3905 763 3957 tunc
779 3893 836 3956 hoe
851 3895 1029 3985 documento
1045 3896 1238 3980 agnoscitur,
1266 3896 1343 3978 quod
1359 3895 1456 3957 Serra.
1475 3895 1486 3956 l
1502 3896 1521 3956 6
1542 3885 1601 3956 126

473 4008 593 4082 praeter
604 3999 792 4065 Blandinium
807 4011 941 4064 ueterem
956 4001 1041 4066 solus
1058 4003 1147 4066 babet
1159 4023 1263 4066 ueram
1276 4001 1333 4066 loci
1347 4001 1468 4065 formam
1485 4000 1601 4085 (fug-io

473 4127 611 4189 eampum
628 4107 788 4191 luscumque
808 4109 999 4191 trigonem),
1025 4109 1161 4192 quodque
1177 4109 1275 4171 Scrm.
1295 4107 1356 4171 113
1373 4109 1434 4171 303
1458 4105 1602 4168 munibus

473 4231 527 4293 pro
542 4201 725 4295 interpolata
740 4213 864 4276 domem
880 4233 946 4274 cum
968 4223 1073 4276 uetere
1089 4214 1245 4278 Blandinio
1269 4226 1299 4278 et
1321 4213 1422 4299 paucis
1447 4211 1515 4276 aliis
1537 4231 1601 4276 ser·

458 4317 565 4380 66611.
599 4318 693 4397 Quam
723 4317 761 4381 ob
790 4339 911 4383 causam
938 4319 1016 4384 libro
1039 4320 1177 4385 Gotbana
1200 4332 1268 4406 post
1292 4321 1327 4384 C.
1351 4319 1548 4384 HircHnerum
1571 4325 1601 4378 et

542 4522 567 4588 *)
585 4522 669 4576 Maior
685 4531 770 4576 tamen
783 4541 897 4577 errorum
915 4543 1034 4578 numerus
1047 4529 1111 4579 uitio
1130 4530 1291 4596 datur·qnam
1305 4543 1333 4578 re
1346 4541 1408 4576 nera
1425 4525 1508 4587 inest,
1529 4523 1601 4576 cuius

473 4594 511 4644 rei
532 4593 616 4644 nobile
634 4596 775 4660 exemplum
794 4595 866 4660 posui
884 4597 916 4644 ad
930 4596 1016 4646 carm.
1032 4597 1052 4647 ll
1071 4598 1142 4648 201.
1170 4599 1235 4650 Aliis
1256 4598 1281 4647 16
1300 4595 1364 4646 16616
1383 4593 1530 4659 compendia
1550 4596 1600 4644 rite

473 4663 599 4728 completa
610 4679 698 4714 ueram
710 4663 810 4714 Horatii
822 4665 1060 4718 manumrefarunt.
