3884 5525
769 646 946 698 countdvm
964 648 1010 699 llll
1029 650 1054 701 8.

552 818 698 879 donarem
715 818 866 895 tripodas,
884 820 1021 895 praemia
1038 820 1167 883 tortium

553 926 732 1005 Graiorum,
752 944 851 1004 neque
867 934 902 991 tu
917 932 1053 1005 pessima
1069 946 1232 995 munorum
1309 989 1313 996 .

551 1042 663 1116 terres,
679 1041 780 1102 diuite
796 1055 846 1101 mo
861 1042 983 1102 scilicet
999 1044 1125 1119 artium,

553 1166 631 1227 quas
646 1156 700 1212 aut
716 1148 905 1213 Parrhasius
920 1152 1050 1229 protulit
1065 1159 1121 1215 aut
1136 1152 1266 1231 Scopas,

551 1264 601 1323 tric
617 1276 706 1337 saxo,
724 1263 851 1338 liquidis
867 1264 919 1325 ille
935 1264 1091 1325 coloritus

551 1374 664 1434 soliers
680 1388 764 1434 nnnc
780 1374 934 1462 hominem
950 1388 1077 1449 ponere,
1096 1389 1179 1436 nunc
1194 1376 1296 1438 deum.

552 1486 605 1545 sed
622 1500 684 1545 non
700 1486 777 1545 haec
794 1486 867 1546 mitri
884 1486 946 1561 uis,
965 1500 1026 1546 non
1042 1487 1099 1546 tioi
1115 1486 1225 1547 tatium
1273 1557 1277 1563 ,

551 1610 603 1657 res
619 1600 668 1657 est
683 1600 738 1657 aut
754 1596 876 1657 animus
893 1596 1073 1658 deliciarum
1090 1611 1199 1672 egens.
1438 1612 1469 1659 1o
1550 1656 1558 1671 ,

411 1772 436 1822 3.
456 1774 553 1837 premia
569 1774 599 1825 G.
712 1776 737 1824 5.
759 1776 856 1825 arcium
871 1776 902 1826 H.
1016 1778 1104 1827 6-8.
1124 1777 1237 1829 Seruius
1253 1744 1293 1829 isal
1305 1778 1469 1844 Verg.Aec.

345 1838 376 1889 Vl
395 1840 444 1905 20,
464 1843 513 1891 udi
532 1849 575 1893 est
593 1843 675 1908 qualis
694 1842 848 1894 Parrhasius
868 1845 990 1910 prodidit.
1107 1846 1131 1897 o.
1158 1847 1309 1913 pltarrasius
1327 1848 1359 1897 Η.

344 1910 368 1959 9.
383 1925 432 1959 noo
446 1910 656 1979 ttoiAttdttgc:
672 1929 717 1963 uec
731 1912 776 1963 tilri
791 1907 914 1973 g‘codeoe
927 1908 1024 1980 antiq.'
1036 1914 1121 1981 Croq.
1229 1916 1270 1965 to.
1285 1916 1427 1965 diliciarum
1435 1917 1468 1966 A.

343 2080 435 2129 tiiait.
456 2080 526 2130 llaec
545 2082 612 2131 ratio
633 2084 731 2133 numeri
753 2090 780 2134 et
800 2085 886 2151 dispo·
980 2087 1069 2137 7-8.
1095 2088 1141 2136 ltr'o
1157 2102 1226 2138 aomo
1240 2114 1273 2125 ·-
1286 2103 1356 2137 nuno
1375 2088 1470 2137 deam.-

342 2149 401 2199 sitio
420 2164 540 2199 uersuum
559 2159 740 2216 quaternorum
760 2168 776 2203 a
795 2154 886 2218 quouis
928 2156 1037 2205 alterum
1058 2156 1211 2206 statuariam
1234 2156 1337 2219 laudat,
1361 2156 1471 2205 alterum

343 2218 439 2269 lectore
460 2218 539 2269 facile
557 2222 721 2282 agnoscitur:
742 2236 807 2271 noua
827 2222 883 2286 illa,
927 2224 1059 2289 piatorem.
1075 2223 1100 2273 lu
1115 2241 1172 2274 noc.
1185 2241 1256 2275 saon
1268 2238 1350 2287 genus
1360 2240 1406 2289 pro
1416 2240 1472 2289 spe-

342 2302 406 2351 quae
419 2288 490 2337 mille
504 2289 664 2353 octingentos
684 2290 791 2355 amplius
805 2306 885 2341 anuos
927 2294 966 2342 cie
980 2293 1141 2356 (marmore)
1156 2294 1244 2356 elegit.
1271 2294 1354 2358 lpsum
1370 2309 1470 2356 saxoso,

343 2356 431 2405 doctos
445 2357 611 2423 indoctusque
624 2358 716 2422 latuit,
738 2359 769 2408 ult
784 2360 884 2423 ingenio
927 2362 1001 2410 euius
1012 2362 1075 2409 dura
1089 2368 1129 2410 est
1142 2369 1244 2424 natura,
1261 2363 1403 2427 composuit
1415 2378 1471 2411 cum

343 2425 507 2489 antiquitatis
532 2428 661 2478 abhorret.
694 2427 728 2477 Αι
752 2444 818 2477 noua
841 2429 885 2477 de·
928 2430 1039 2495 liquidis
1051 2430 1197 2479 color-idos.
1219 2430 1314 2494 Scopas
1330 2431 1471 2479 statuarius

342 2493 446 2558 scriptio
465 2495 529 2544 dano
547 2495 668 2546 uirtutem
686 2497 779 2558 habet,
801 2504 828 2547 ut
848 2498 884 2547 la·
929 2498 1053 2549 Praxiteli
1068 2505 1153 2547 aetate
1167 2512 1261 2563 suppar
1275 2498 1334 2546 belli
1348 2496 1472 2563 Pelopon·

343 2562 416 2611 seina
435 2562 538 2625 ingonia
559 2572 722 2614 arceanturo
737 2566 814 2615 nimia
827 2582 885 2615 uer·
930 2567 1025 2616 nesiaci
1038 2567 1195 2631 temporibus
1211 2568 1299 2615 floruit
1310 2566 1399 2628 (Plinii
1412 2566 1469 2615 Nil.

344 2646 414 2680 suum
428 2632 560 2681 dubiorum
574 2635 724 2699 suspitione.
753 2634 828 2684 lmmo
842 2635 884 2700 qui
927 2634 1040 2685 XXXVl
1054 2636 1070 2684 4
1084 2638 1124 2700 (ὁ)
1138 2635 1152 2700 ξ
1166 2635 1299 2698 25-31),
1320 2634 1471 2684 Parrhasius

344 2699 402 2749 olim
422 2715 499 2750 uuum
516 2702 559 2750 uel
578 2709 631 2752 tres
649 2703 791 2752 uersiculos
805 2705 885 2753 addu-
928 2705 1012 2771 pictor
1030 2703 1112 2755 Zeuxi
1134 2704 1252 2769 aequalis
1271 2702 1349 2765 (Plio.
1369 2702 1471 2753 XXXV

343 2768 476 2833 litabant,
497 2786 563 2820 nune
576 2772 638 2822 duos
651 2772 694 2822 uel
707 2781 829 2838 quattuor
842 2789 885 2823 ea·
927 2775 960 2824 36
983 2775 1040 2836 (id)
1065 2775 1078 2838 §
1100 2773 1226 2838 tis-tt)
1258 2773 1390 2837 aliquanto
1414 2781 1473 2839 post

344 2837 398 2887 dem
421 2839 496 2888 ruina
517 2841 636 2903 trahunt,
658 2844 723 2906 quod
749 2842 885 2892 luculentis
927 2844 1003 2892 uixit.

343 2906 465 2971 exemplis
473 2908 647 2960 demonstrare
655 2925 764 2975 possem,
775 2911 884 2976 siprauo
978 2912 1004 2961 8.
1032 2926 1103 2960 naono
1118 2913 1250 2960 hominem
1266 2926 1382 2975 ponere,
1402 2925 1473 2968 none

310 2972 315 2984 ’
343 2977 447 3024 tramite
468 2975 615 3028 incedentes
636 2979 743 3043 amplius
765 2981 884 3044 persequi
927 2980 1023 3030 deum.-
1042 2995 1135 3046 ponere
1152 2980 1280 3045 proprium
1299 2978 1432 3029 statuariis
1445 2986 1472 3028 et

343 3044 507 3094 humanitatis
526 3047 593 3096 ratio
612 3054 638 3097 et
656 3048 784 3098 commoda
798 3049 885 3112 legen·
926 3049 1070 3114 pictoribus
1092 3048 1185 3113 (ueluti
1207 3047 1258 3098 ΛΡ.
1282 3047 1333 3109 st,
1363 3047 1471 3110 Vergilii

343 3113 405 3162 tium
419 3114 594 3166 admitterent.
929 3118 987 3168 Ecl.
1001 3119 1016 3167 3
1030 3119 1074 3181 46,
1094 3117 1248 3166 unicitas.
1265 3116 1296 3166 ΙΙΙ
1307 3118 1342 3165 to
1357 3118 1394 3181 l),
1406 3118 1472 3166 unde

396 3183 473 3232 1-8.
492 3184 576 3246 Aera,
593 3184 712 3249 tabulas,
727 3192 827 3236 statuas
840 3186 886 3236 do·
929 3188 960 3237 ad
974 3195 1106 3253 poetarum
1124 3185 1292 3236 imitationem
1304 3187 1471 3248 transfertur,

344 3263 431 3302 narem
445 3252 577 3302 sodalibus
590 3254 703 3319 tibique,
718 3255 883 3305 adiabenem.
929 3257 1009 3306 ueluti
1023 3272 1038 3306 a
1052 3255 1196 3308 luueoalel
1218 3256 1281 3304 155:
1296 3271 1369 3322 porse
1384 3253 1473 3320 Ta'gel·

396 3321 484 3369 t-t.
505 3328 621 3386 poteras
636 3349 667 3358 —
684 3339 765 3372 ocra.-
783 3331 887 3388 pateras
929 3326 1031 3388 linum,
1057 3324 1147 3376 Persio
1166 3323 1176 3374 l
1194 3325 1244 3374 to:
1262 3340 1363 3392 ponere
1381 3325 1472 3374 loram

344 3389 406 3439 dicit
420 3389 540 3454 speeiem,
556 3407 621 3440 cera
634 3405 729 3454 genus,
744 3393 768 3440 d.
785 3407 808 3440 e.
823 3407 887 3442 nasa
928 3397 1059 3456 artifices.

345 3472 434 3508 aenea.
510 3460 887 3510 commodaueommodisso-
981 3463 1007 3510 9.
1033 3461 1152 3512 sednon
1171 3463 1398 3512 loeemida'os's:
1421 3463 1472 3512 noli

345 3528 440 3576 dulium
453 3526 614 3592 inseruiens3
633 3527 668 3578 ci.
684 3528 776 3595 tdpttt
793 3530 803 3578 1
819 3529 885 3580 tat:
929 3531 1044 3592 cogitare
1064 3530 1095 3579 de
1113 3530 1140 3579 ui
1158 3530 1252 3594 ingenii
1270 3532 1301 3580 ad
1319 3531 1472 3594 proterenda

343 3610 485 3661 speramur
497 3623 532 3632 -
544 3605 576 3645 ot
586 3598 741 3648 commodos
753 3598 828 3647 ultro
842 3614 887 3646 or·
930 3598 1004 3662 signa
1017 3605 1044 3647 et
1056 3599 1157 3647 tabulas
1172 3598 1260 3660 fertili,
1275 3599 1320 3646 sed
1333 3598 1364 3646 de
1376 3599 1403 3646 ui
1416 3600 1473 3646 sine

344 3679 449 3725 cessam
476 3663 527 3714 ΑΡ.
543 3665 609 3715 256:
629 3666 760 3729 spondeos
778 3667 887 3716 stabilis
930 3665 1056 3715 facultate
1077 3666 1187 3713 donandi
1208 3672 1279 3714 artes
1300 3667 1376 3722 (oder
1395 3667 1475 3713 nicht

343 3735 371 3781 in
390 3735 455 3781 dora
470 3739 588 3796 paterna
610 3738 712 3798 recepit
732 3735 887 3784 commodos
930 3734 1011 3783 dorin
1024 3733 1350 3797 lestoltmemeMaclt).

345 3805 373 3850 et
381 3804 500 3865 patiens.
513 3801 583 3872 ,opt
599 3802 608 3852 l
628 3803 659 3853 18
673 3805 720 3853 75:
741 3807 888 3853 incommo·
981 3802 1077 3850 9—10.
1093 3815 1144 3849 non
1159 3802 1211 3849 aidi
1223 3801 1319 3849 talium
1330 3827 1363 3836 -
1374 3815 1470 3864 egem:

345 3869 394 3919 dos
407 3875 504 3932 anget.
525 3869 645 3920 Datiumu
658 3872 798 3922 sodalitas
811 3871 886 3936 iunge
930 3869 1088 3932 anadiplosis
1106 3869 1249 3933 particulae
1268 3883 1321 3916 non
1336 3868 1435 3931 gratior
1446 3876 1474 3918 et

255 3933 259 3957 ¹
313 3971 319 3982 ·
344 3953 436 3987 cumn.
453 3938 622 3988 donor-emet
639 3942 752 4006 epitheto
773 3957 888 3992 eommo-
930 3938 1082 4003 exquisitior
1105 3938 1209 3986 uidetur
1237 3952 1294 3986 esse
1318 3952 1391 4002 quam
1415 3953 1471 4001 nec,

345 4005 404 4068 dus,
420 4023 468 4056 non
482 4023 536 4056 cunr
551 4009 679 4058 adieetiuo
690 4015 785 4074 grato.
931 4008 997 4074 quod
1011 4007 1109 4072 placuit
1121 4006 1233 4071 cruquio
1246 4013 1273 4055 et
1285 4005 1408 4057 Bentleio.
1425 4006 1473 4057 Ce-

396 4076 474 4125 3-4.
490 4077 625 4142 nipedes,
633 4079 886 4142 praemissortium
930 4087 1013 4128 terum
1032 4092 1080 4125 non
1100 4083 1197 4125 eertum
1215 4081 1255 4124 est
1270 4070 1394 4125 ‘codicem
1408 4076 1474 4126 anti-

347 4142 493 4193 Grae'ornm
529 4146 732 4210 (Betoonangen
767 4146 888 4196 Grieodt'-
931 4140 1473 4212 (μιαί,ᾳυοιιιιιιοωοιιιῦτυᾳυίιιε,ιυίεεο

344 4213 422 4261 sodor
434 4213 564 4276 Helden):
584 4215 695 4264 recentis
714 4215 808 4264 aetatis
821 4215 887 4264 dona
931 4213 1473 4276 Blandiniumuetustum‚uterediditBent-

345 4279 886 4349 (patcrasetaera)eonrposuitcumillis,
931 4283 1007 4333 leius.
1045 4282 1122 4332 Certe
1154 4289 1339 4331 commentator
1367 4282 1473 4347 Cruquii

344 4364 408 4413 quae
421 4349 515 4414 priscis
528 4353 649 4401 heroibus
663 4351 748 4401 offerri
761 4351 887 4415 solebant,
931 4353 1067 4401 lectionem
1090 4365 1144 4401 non
1169 4351 1219 4400 rste·
1241 4352 1365 4414 seqnitur.
1403 4352 1473 4400 Artis

345 4417 375 4466 de
397 4419 489 4482 quibus
511 4421 542 4469 ab
565 4419 673 4471 Homero
696 4421 799 4487 saepius
821 4419 889 4470 rela-
932 4435 1009 4486 opera
1021 4420 1183 4485 contemptim
1202 4426 1279 4468 uocat
1296 4419 1425 4481 delicias,
1446 4426 1474 4467 nt

344 4491 396 4534 tum
410 4495 458 4536 est.
932 4505 997 4554 quae
1009 4489 1138 4539 delectare
1156 4487 1270 4554 possint,
1291 4487 1410 4552 prodesse
1428 4503 1474 4536 uc-

396 4555 420 4603 5.
444 4557 566 4605 ormam:
587 4563 646 4606 snut
659 4557 724 4607 artis
737 4571 831 4621 opera3
852 4555 886 4608 ci.
932 4563 1036 4622 queant.

345 4620 519 4687 llplliii'i:
541 4629 645 4690 suspica
659 4631 741 4690 ortos,
758 4625 886 4676 111203:
986 4626 1026 4674 to.
1044 4628 1473 4687 resuscitaremur-egens.-
1514 4657 1520 4673 .

347 4691 406 4741 tadi
417 4699 579 4758 spectantur
592 4700 619 4742 et
630 4699 716 4743 ortes.
932 4709 975 4743 res
989 4687 1094 4758 (οὐσία)
1114 4701 1159 4744 tua
1177 4694 1259 4744 maior
1277 4700 1332 4756 est,
1354 4707 1427 4756 quoru
1446 4699 1475 4742 at
