3884 5525
967 604 1105 661 domii

680 778 768 841 uocis
784 776 912 842 accedet
926 778 1007 841 loona
1021 791 1107 853 pars,
1124 780 1156 840 et
1166 769 1200 837 ‘o
1215 778 1264 841 sol

682 888 821 965 pulcher,
841 903 859 949 o
876 879 1038 950 laudande'
1054 902 1163 952 canam
1179 894 1306 966 recepto

682 996 820 1063 Caesare
836 998 925 1061 felix.

682 1158 778 1229 tuque
794 1154 865 1215 dom
881 1153 1036 1230 procedis,
1049 1148 1095 1219 ‘io
1109 1147 1304 1231 Triumphe’,

681 1280 743 1330 non
760 1264 857 1329 semei
873 1264 1022 1341 dicemus,
1037 1258 1081 1329 ‘io
1096 1258 1290 1356 'l‘riumpiro²,

681 1376 794 1439 ciuitas
811 1376 923 1453 otonis,
942 1376 1146 1452 dabimusque
1160 1376 1244 1441 diuis

679 1490 753 1548 ture
767 1486 922 1565 benignis,

682 1644 715 1701 te
731 1640 835 1704 decem
850 1641 934 1705 tauri
949 1640 1142 1715 totidemque
1156 1654 1284 1716 uoeoae,

684 1765 732 1812 me
748 1756 836 1813 tener
851 1752 960 1817 soluet·
970 1751 1101 1824 uitulus,
1120 1751 1231 1816 retieto

683 1866 782 1924 matre
798 1863 851 1938 poi
866 1862 965 1939 largis
981 1863 1157 1925 iuueoeseit
1170 1862 1276 1929 her’bis

681 1972 714 2034 in
730 1988 798 2033 mea
813 1977 899 2049 uoto,

549 2144 592 2197 48.
621 2143 716 2197 Cesare
739 2142 770 2195 G.
900 2144 942 2195 49.
971 2143 1061 2210 Tuque
1081 2145 1227 2200 Parisinus
1250 2144 1483 2215 Ner-pityrion:
1513 2144 1606 2211 Teque

474 2212 612 2279 Ardiigo
625 2211 983 2265 Biondicie'd'ommeniator
997 2215 1118 2279 Cruqut‘s'.
1194 2216 1311 2286 procedit
1323 2218 1356 2267 A.
1466 2214 1512 2264 55.
1531 2214 1608 2265 iuue-

387 2324 391 2335 .
475 2282 551 2335 oiseii
562 2283 596 2333 A.

475 2460 550 2519 poeta
563 2452 680 2503 tuoeuix
693 2467 724 2503 ac
742 2468 773 2503 ne
791 2452 837 2503 uix
854 2452 954 2519 quidem
973 2453 1018 2503 ad·
1060 2454 1126 2504 haud
1152 2453 1227 2505 dubie
1251 2452 1422 2507 describentis
1445 2453 1608 2506 aberrationi

473 2523 599 2573 missurus
612 2528 679 2573 erat.
1059 2523 1221 2573 tribuendum
1234 2530 1284 2573 est.

525 2609 652 2658 46-47.
669 2602 696 2659 ‘o
715 2606 759 2657 sol
771 2608 902 2674 pulcher,
925 2608 1018 2659 olau—
1112 2592 1236 2645 5⁰451·
1261 2587 1299 2642 ‘2'0
1319 2585 1475 2655 Wumikffe
1500 2594 1607 2644 05'12'1‘18
1672 2564 1683 2585 θ
1742 2571 1743 2580 ¹

475 2671 580 2741 canes,
596 2692 709 2727 sanam
729 2676 763 2726 er.
780 2676 825 2727 uu
844 2677 950 2727 ec-e.
971 2678 1018 2727 se·
1060 2665 1148 2713 omne
1167 2660 1277 2741 (osseos
1300 2656 1344 2709 ‘⁸1¹
1365 2662 1445 2740 pauo
1464 2660 1541 2741 tussi,
1557 2661 1608 2713 ot-

473 2747 512 2798 ies
525 2762 580 2797 auor
594 2753 651 2812 post
668 2745 778 2796 reditum
792 2744 912 2797 Caesaris
925 2746 1018 2797 melios
1059 2730 1177 2814 umidum
1199 2730 1313 2810 ¹⁰⁴i¹¹Jt¹¹P
1332 2743 1408 2782 ⁸⁰⁰¹*
1430 2736 1606 2813 ¹⁰P⁰⁰²t¹⁰⁰⁰s

475 2816 641 2866 niterentuel
653 2815 735 2866 nitere
755 2815 917 2879 uiderentur,
938 2816 1018 2866 edroi·
1060 2815 1111 2865 quo
1128 2817 1171 2862 ¹⁰2
1189 2803 1217 2852 ²⁶⁰
1236 2799 1386 2861 (imminit
1406 2806 1436 2850 ¹¹2
1451 2815 1479 2852 ²⁰
1498 2805 1606 2852 maim

474 2885 605 2934 rabuodus
623 2892 700 2950 poeta
720 2892 796 2935 canet
808 2901 823 2934 o
836 2885 1018 2949 colpulcdsr5
1060 2862 1173 2920 ΝΜ·
1193 2869 1305 2951 detor..
1519 2939 1524 2950 Ι
1567 2939 1573 2950 .

474 2954 540 3004 idem
562 2954 640 3004 addet
663 2969 678 3003 o
702 2953 854 3016 laudande,
877 2953 943 3018 quod
963 2953 1017 3003 dies
1113 2937 1225 2988 5¹·”52·
1240 2937 1606 3001 dabim¹¹⁸i¹¹⁶··i0²⁸²8m⁸·'

473 3022 542 3072 leeto
555 3023 610 3072 sole
623 3022 731 3086 insignis
745 3021 881 3072 Caesarem
900 3021 1016 3072 adduxit.
1060 3004 1176 3085 didimus
1189 3013 1247 3057 ¹⁰³³
1260 3005 1345 3068 diffie
1364 3020 1470 3070 ‘1⁰⁰¹'mli
1488 3005 1607 3069 misni·

1060 3081 1109 3124 tatr
1141 3074 1259 3126 reducem
1290 3073 1428 3127 Caesarem
1465 3075 1606 3134 debemuss

525 3115 637 3166 49—52-
652 3115 787 3180 Postquam
802 3116 832 3166 de
846 3114 957 3164 termini
970 3115 1018 3164 ot-
1061 3147 1126 3192 tura
1138 3142 1259 3207 intetiegs
1272 3143 1299 3194 tt
1317 3143 1366 3194 utta
1385 3143 1525 3207 troianos,
1544 3143 1606 3196 oua

473 3183 586 3248 omphali
606 3199 621 3232 o
640 3200 666 3234 se
683 3183 796 3234 cauendo
811 3183 893 3242 dixit,
914 3183 964 3233 iem
984 3183 1017 3234 ad
1060 3211 1318 3277 transjttrpwppw

472 3251 553 3317 ipsam
566 3251 686 3316 triumphi
699 3267 812 3316 pompam
827 3266 854 3300 se
867 3251 1004 3302 conuertit.
1112 3278 1155 3329 53·
1182 3285 1209 3330 ιθ
1227 3280 1488 3330 decem-uaccae:
1515 3293 1607 3344 qm,

524 3343 637 3394 49—50.
658 3349 739 3408 tuque
752 3345 816 3396 dum
825 3343 966 3407 procedis,
978 3339 1016 3396 ‘s'o
1060 3363 1134 3412 puato
1149 3348 1222 3399 diues
1235 3348 1361 3399 Antonios
1375 3347 1435 3410 iuit,
1448 3354 1546 3400 tautum
1559 3349 1607 3398 ito-

474 3405 630 3477 tricmpde’,
644 3429 698 3464 oon
709 3414 791 3463 semsi
803 3413 937 3464 dicemus:
952 3414 1017 3467 haee
1060 3417 1169 3468 stiarum
1181 3417 1283 3483 priuato
1297 3418 1400 3468 nimium
1412 3417 1524 3469 uidetur.
1551 3416 1604 3469 Sed

472 3481 602 3550 pertinent
621 3482 652 3531 ad
666 3481 848 3534 exultationem
862 3481 887 3532 io
900 3484 1016 3548 proximo
1058 3485 1101 3536 uir
1111 3487 1228 3552 priuatus
1240 3487 1285 3537 ilie
1298 3503 1347 3538 ooo
1362 3486 1425 3537 fuit:
1444 3485 1518 3536 immo
1529 3500 1607 3552 prae-

472 3551 599 3617 triumpio
611 3551 635 3600 'a
654 3567 681 3602 se
699 3549 863 3602 efferendam.
888 3551 1016 3602 Antonios
1058 3561 1100 3603 tor
1112 3562 1169 3604 erat
1180 3571 1210 3604 eo
1224 3563 1337 3621 tempore
1352 3571 1401 3620 quo
1413 3554 1542 3616 Augustos
1560 3569 1607 3604 re-

473 3622 587 3684 degusto
610 3635 685 3670 caros
707 3627 734 3670 et
754 3627 815 3671 tunc
836 3627 940 3684 praetor
957 3637 1015 3673 eum
1059 3639 1150 3673 uersos
1162 3632 1203 3674 est
1215 3625 1251 3686 (a.
1262 3625 1334 3690 741),
1348 3632 1375 3674 et
1386 3624 1475 3690 epulas
1487 3622 1605 3686 Augusto

472 3690 645 3756 triumphante
659 3689 771 3756 principe
784 3689 913 3756 procedit,
930 3691 1016 3756 sequi·
1058 3692 1084 3741 io
1110 3692 1237 3758 Capitolio
1262 3693 1360 3742 dandas
1384 3692 1499 3761 parabat.
1532 3690 1604 3754 Lege

472 3767 515 3810 tur
527 3759 648 3810 Horatius
660 3774 715 3810 cum
729 3758 823 3810 ceteris
842 3759 950 3812 ciuibus.
979 3760 1016 3812 De
1058 3761 1149 3811 Dionis
1163 3761 1229 3811 Liiii
1245 3761 1288 3812 26.

471 3829 580 3895 piuraiis
600 3829 698 3880 numeri
717 3828 858 3891 (dicerene)
879 3827 960 3880 forma
978 3829 1015 3880 di·
1110 3831 1153 3881 54.
1171 3847 1212 3879 ms
1226 3835 1301 3879 tener
1313 3829 1538 3878 soleatos'tulus:
1551 3828 1604 3878 sol-

472 3905 539 3948 etum
553 3895 682 3947 estadiii
696 3897 799 3948 51-2.
815 3895 841 3946 io
852 3897 925 3948 libris
936 3913 1016 3964 paene
1058 3905 1103 3949 oet
1124 3913 1163 3947 me
1183 3898 1280 3948 uitulus
1299 3913 1313 3946 a
1332 3910 1453 3954 manere,
1476 3898 1544 3962 quod
1563 3897 1604 3947 dis

472 3966 588 4016 omnibus
612 3973 758 4032 corruptum
782 3973 822 4018 est
849 3971 928 4030 isque
951 3967 1015 4016 dum
1059 3967 1139 4016 debeo
1152 3982 1197 4031 pro
1211 3967 1294 4015 reditu
1308 3963 1440 4015 Caesaris.

468 4035 611 4100 procedis,
637 4035 702 4100 quod
725 4035 768 4099 qui
786 4035 880 4100 primus
900 4035 1014 4097 admisit,
1110 4035 1231 4084 55-60.
1252 4034 1349 4083 relicta
1363 4038 1497 4083 matre-
1511 4039 1604 4085 cetera

471 4103 516 4153 iile
530 4118 662 4168 perperam
675 4104 760 4154 iunxit
772 4109 881 4168 recepto
898 4105 1017 4154 Caesare
1050 4104 1169 4170 foleus.-
1195 4118 1244 4154 noo
1266 4101 1321 4152 sine
1342 4102 1451 4151 oonsilio
1475 4102 1603 4161 sermidam

464 4172 541 4237 salias
554 4176 644 4233 tepus,
666 4187 714 4221 noo
733 4173 977 4222 memoertooium
990 4172 1016 4220 in
1059 4170 1259 4235 actnognidcom
1272 4185 1361 4235 poema
1378 4171 1433 4222 oniti
1453 4171 1525 4220 exitu
1543 4187 1603 4222 eon·

471 4240 534 4290 urbe
560 4238 649 4290 iuisse.
681 4240 731 4292 Sed
756 4242 803 4292 hoe
825 4247 902 4305 teque
922 4257 977 4290 oum
1000 4255 1016 4288 a
1058 4241 1125 4289 eiodi
1135 4240 1227 4300 uoluit,
1238 4240 1369 4289 studiosus
1379 4240 1526 4290 uarietatis.
1537 4238 1602 4290 Nam

471 4309 545 4360 uocis
563 4309 747 4374 interpretibus
766 4310 890 4360 aduersus
905 4315 1014 4358 mentem
1058 4316 1087 4357 ut
1107 4307 1188 4357 effusa
1208 4307 1308 4358 laetitio
1330 4310 1451 4374 triumphi
1474 4309 1601 4359 saeriiieio

472 4377 655 4429 auctoritorem
674 4378 798 4444 proximis
818 4377 947 4440 iungitur,
968 4377 1013 4426 mi·
1057 4384 1084 4426 et
1104 4376 1222 4440 precihus
1243 4378 1268 4426 io
1290 4376 1418 4443 Capitolio
1440 4378 1541 4440 dieitur,
1564 4379 1602 4428 sie

471 4448 579 4498 cerrima
592 4447 654 4498 haec
670 4446 797 4498 scatentia
816 4445 946 4494 nascitur:
964 4439 1014 4494 ‘te·
1056 4444 1203 4496 liberiorem
1235 4445 1307 4498 ilium
1334 4447 1452 4512 spiritum
1478 4446 1601 4498 carminis

471 4531 528 4580 que,
544 4516 686 4580 triumphe,
706 4515 764 4564 dom
776 4513 911 4578 procedis,
931 4515 955 4564 io
967 4514 1015 4564 tri·
1057 4513 1158 4579 placido
1171 4515 1221 4566 iiae
1234 4517 1360 4582 compesci
1373 4515 1465 4566 uoluit.

470 4585 561 4649 umphe
575 4599 624 4634 ooo
634 4583 714 4633 semel
723 4575 856 4632 dicemus'.
875 4583 1012 4646 Procedit,
1109 4584 1152 4634 55.
1173 4585 1261 4651 largis
1275 4589 1428 4637 iuvenescit
1441 4585 1550 4636 herbis:
1567 4599 1601 4636 ex

470 4657 500 4700 ut
522 4652 549 4700 ia
572 4667 622 4702 unc
646 4658 735 4702 uetere
759 4651 883 4702 Beroeosi
908 4651 1013 4716 iegitur,
1057 4653 1139 4704 uitulo
1152 4653 1256 4706 iuuenis
1269 4653 1508 4706 sioaiooeoeosiit.
1607 4671 1613 4680 ·
