3884 5525
965 608 1103 661 nondun

680 781 729 842 ias
744 784 776 841 ct
791 780 900 840 heatae
914 779 1059 855 coniugis
1075 780 1213 842 additum

681 891 781 952 stellis
796 890 944 952 honorem
960 894 1104 966 tectaque
1119 887 1249 952 Penthei

681 1001 811 1063 disiecta
826 1015 886 1064 non
903 1001 967 1061 leni
982 1002 1095 1082 ruina„

679 1111 812 1174 Thracis
827 1115 859 1172 et
874 1113 1005 1173 exitium
1020 1109 1173 1188 Lycurgi.

681 1269 716 1327 tu
731 1222 831 1326 dectis
846 1279 965 1340 amnes,
983 1269 1019 1326 tu
1034 1279 1120 1326 mare
1134 1265 1312 1341 herbarum,

681 1381 717 1437 tu
732 1376 886 1451 separatis
903 1376 1019 1437 uuidus
1034 1375 1067 1435 in
1083 1375 1168 1452 iugis

682 1487 763 1548 nodo
778 1501 904 1548 coerces
919 1485 1062 1562 uiperino

681 1593 879 1659 Bistonidum
895 1599 964 1658 sine
982 1597 1091 1658 iraude
1106 1596 1221 1658 crines.
1284 1651 1289 1658 .

680 1746 728 1818 tu,
746 1756 816 1803 cum
831 1744 971 1818 parentis
986 1756 1083 1817 regna
1099 1739 1301 1816 perarduum

683 1852 795 1914 cohors
811 1850 982 1929 Gigantum
999 1853 1163 1914 scanderet
1177 1851 1273 1928 inpia,

543 1987 585 2040 15.
605 1988 655 2040 leni
668 1988 806 2056 ABGHgar
820 1995 874 2040 trec
888 1989 999 2040 Blanda
1018 1991 1069 2040 leui
1083 2007 1109 2048 ς.
1218 1987 1259 2038 16.
1280 1986 1369 2038 Traeis
1381 1987 1415 2036 H.
1486 1986 1600 2053 eritdA,

472 2055 557 2106 exiciir
568 2057 641 2124 eug.
712 2057 810 2123 lycurgi
820 2059 861 2109 A.-
879 2058 981 2124 lygurgi
993 2060 1025 2123 B,
1046 2058 1139 2122 ligurgi
1154 2057 1227 2122 GHg.
1335 2057 1376 2105 lt.
1396 2057 1483 2106 decies
1493 2058 1529 2107 A.

475 2123 516 2173 19.
536 2124 707 2189 coercesAg:
727 2129 847 2177 coherces
860 2127 940 2177 BGH.
1019 2125 1026 2136 ‘
1046 2127 1089 2176 20.
1110 2125 1313 2177 BistonidumB:
1334 2124 1506 2174 Bisthonidum
1516 2125 1599 2177 Adri.

472 2192 515 2241 22.
536 2194 605 2258 inpia
616 2196 657 2245 B.-
676 2193 754 2260 impie
766 2196 867 2261 Antip.

483 2344 489 2352 ·
525 2313 648 2364 13-14.
660 2315 713 2379 sce
732 2316 827 2365 heatae
845 2319 968 2380 coniugis
980 2345 1015 2352 —
1058 2313 1146 2364 indere
1165 2329 1221 2363 cam
1240 2313 1342 2364 bacchis
1355 2311 1474 2364 Thraciis
1493 2314 1603 2364 inclinat

472 2381 618 2432 honorem:
643 2384 735 2433 coniux
754 2385 867 2434 Ariadna
886 2385 954 2433 inter
971 2400 1015 2434 su·
1058 2383 1129 2432 deos.

472 2465 547 2514 penos
565 2460 688 2502 uersatur
699 2454 823 2516 (hecto),
838 2468 932 2503 corona
944 2453 1015 2504 iliius
1113 2450 1153 2500 19.
1172 2451 1243 2501 nodo
1255 2477 1289 2494 -.
1301 2454 1444 2516 utherico:
1462 2452 1560 2518 niperis
1575 2452 1601 2502 ia

472 2519 582 2583 (honor)
606 2520 632 2570 io
657 2521 728 2571 sidus
752 2528 851 2571 mutata
875 2522 899 2570 iu
930 2521 1014 2571 stellis
1058 2519 1215 2568 uinculorum
1245 2535 1316 2569 usum
1347 2519 1483 2583 adhibitis,
1509 2521 1602 2585 quihus

472 2587 563 2651 telget.
584 2589 621 2638 De
639 2605 748 2640 coronae
767 2591 853 2640 sidere
870 2589 905 2640 ci.
919 2591 1015 2640 Aratus
1058 2590 1143 2638 crines
1156 2589 1182 2637 in
1198 2587 1286 2637 nodum
1301 2588 1463 2650 colligentur.

473 2657 503 2706 11
516 2675 523 2707 ι
542 2650 628 2708 αὐτοῦ
639 2658 687 2709 καὶ
698 2663 788 2715 κεῖνος
801 2660 952 2725 στέφανος,
967 2652 1015 2709 τὸν
1111 2656 1152 2705 20.
1173 2656 1356 2720 cinesruude:
1377 2657 1431 2706 siae
1446 2657 1552 2720 damno,
1572 2661 1601 2707 ut

472 2720 577 2808 ιξγιιυὸν
590 2722 756 2812 ἔθηκερῆμῖ
770 2726 866 2797 ἔμεναι
878 2722 1015 2785 Διόνυσος
1058 2725 1162 2792 uiperae
1181 2741 1229 2807 pec
1243 2725 1290 2775 tihi
1304 2733 1411 2777 noceant
1424 2741 1505 2791 nequo
1519 2726 1603 2777 Bisto-

472 2795 1014 2932 {gavttgpfgtjnzzfflzngwitzamgl
1058 2794 1312 2913 hamdan—liggtbulssss
1334 2862 1440 2913 bellicas
1459 2863 1553 2913 Bacchi
1575 2865 1602 2913 in

472 2940 739 2984 numeniacoronae.
1058 2945 1141 2997 pugna
1159 2930 1294 2994 Gigantum
1320 2932 1403 2981 editas
1428 2932 1558 2996 cele-hrot,
1588 2948 1602 2983 a

524 3002 636 3051 14-15.
651 3008 775 3068 tectaque
784 3003 900 3051 Penthei
910 3028 944 3037 -
956 3005 1015 3051 rut·
1057 3000 1156 3049 lusibus
1169 3001 1201 3049 cd
1215 3001 1284 3050 seria
1296 3008 1485 3063 transgressus.

471 3084 523 3118 nu:
549 3069 686 3136 Euripides
706 3071 799 3119 Bacch.
820 3071 885 3120 633:
905 3064 1011 3138 δώματ’
1110 3068 1152 3117 22.
1173 3070 1269 3119 cohors
1289 3068 1436 3135 Gr'guntum
1455 3098 1489 3107 -
1508 3073 1600 3133 inpia:

470 3136 584 3203 ἔρρηξεν
591 3138 700 3205 χαμᾶζε
715 3131 868 3203 (Βάκχιος).
893 3138 1013 3188 Horatius
1058 3136 1154 3201 inpiam
1177 3135 1257 3186 tuisse
1275 3146 1415 3200 memorat,
1435 3146 1465 3188 ut
1484 3139 1601 3189 Bacchus

427 3233 428 3236 =
469 3206 608 3269 potentiam
623 3205 1015 3266 Becchilaudeturos‚nonnio-
1057 3204 1434 3257 iustiheiiisocinslaudetar.

470 3272 591 3335 lentiam,
612 3273 721 3337 prudens
735 3274 817 3324 tacuit
828 3274 859 3323 de
872 3273 985 3324 Pentheo
998 3290 1014 3324 a
1109 3273 1151 3322 23.
1182 3272 1335 3325 Rhoetum:
1356 3274 1484 3339 Vergilius
1504 3274 1599 3339 Georg.

470 3346 552 3390 matre
565 3342 703 3406 discerpto.
1057 3340 1078 3390 11
1094 3342 1161 3392 456ι
1181 3342 1227 3393 ille
1239 3344 1377 3408 (Bacchus)
1389 3346 1519 3409 sureatec
1534 3346 1602 3396 Cen-

524 3409 564 3459 16.
594 3412 708 3459 coritium
730 3410 867 3477 Lycurgi:
898 3412 1014 3462 narrauit
1057 3415 1154 3461 tauros
1184 3410 1239 3462 leto
1270 3413 1392 3477 domuit,
1416 3414 1602 3477 Rhoetumque

470 3476 638 3541 Apollodorus
659 3477 691 3527 111
711 3479 726 3527 5
750 3480 777 3539 1;
797 3480 861 3529 adde
881 3479 1013 3546 Sophoclis
1057 3475 1232 3545 Pholumque.
1242 3473 1603 3548 Eiiporovuominauithpol·

470 3547 557 3609 hotig.
571 3547 708 3597 oto-954
720 3549 761 3597 ed.
777 3547 862 3598 Herm.
1058 3547 1160 3598 lodorus
1181 3550 1189 3599 1
1211 3550 1225 3599 6
1244 3550 1259 3598 2
1280 3551 1304 3599 in
1322 3551 1493 3617 descriptione
1506 3550 1602 3614 Gigan-

524 3616 647 3665 17-20.
667 3615 727 3667 Post
745 3632 840 3682 poenas
853 3618 1014 3668 aduersario·
1056 3617 1216 3668 tomechiae:
1236 3610 1363 3685 Εὔρυτον
1379 3617 1411 3670 dh
1422 3613 1520 3683 θύρσῳ
1532 3612 1602 3668 Διό-

470 3699 524 3735 rum
538 3684 727 3750 subsequantur
741 3693 811 3736 artes
824 3687 915 3752 quihus
929 3704 1013 3737 rerum
1056 3685 1271 3743 decoriaretur.
1303 3688 1395 3753 Hygini
1417 3687 1544 3750 praefatio
1567 3688 1600 3737 ιιι1

471 3761 562 3804 notura
576 3769 590 3803 a
604 3754 702 3803 Baccho
716 3755 831 3818 mitigata
846 3763 894 3805 est.
1058 3754 1159 3805 fabulas
1171 3772 1195 3820 p.
1208 3758 1223 3804 4
1238 3758 1296 3805 item
1310 3756 1334 3803 in
1346 3754 1481 3815 Gigantum
1494 3770 1600 3805 numero

426 3832 431 3843 “
524 3822 564 3871 tt.
586 3828 616 3872 tu
630 3824 741 3888 flectis:
762 3824 842 3874 hectit
856 3825 887 3874 de
899 3826 974 3874 niueo
988 3832 1015 3875 et
1057 3822 1181 3891 Eurytum
1198 3824 1297 3873 recitet.
1319 3821 1359 3871 ct.
1374 3822 1462 3869 Horat.
1478 3820 1540 3870 1114
1554 3823 1599 3874 55.

469 3891 591 3941 aliorsum
604 3892 708 3955 dirigit,
728 3900 758 3942 ut
769 3908 825 3943 cum
839 3893 974 3943 comitibus
987 3894 1012 3943 in
1108 3894 1150 3942 24.
1171 3892 1306 3956 unguitur
1318 3916 1353 3927 -
1365 3890 1456 3937 mutu.-
1471 3890 1518 3939 hec
1530 3893 1599 3943 unde

470 3961 538 4009 sicco
560 3960 597 4009 ire
620 3962 701 4024 possit
720 3959 836 4021 (Neruae
856 3962 917 4011 Xiih
939 3961 1011 4023 123).
1056 3960 1191 4025 sumpserit
1210 3974 1258 4007 nco
1271 3964 1426 4021 compertum
1444 3966 1494 4008 est.
1520 3958 1599 4011 Prae-

466 4024 570 4078 ‘Flectie
583 4035 667 4078 autem
680 4030 789 4095 positum
807 4037 862 4093 est,
884 4038 1011 4094 tamquam
1055 4026 1134 4077 dones
1154 4026 1299 4092 Tyrrhenos
1324 4026 1438 4076 Bacchus
1461 4028 1599 4079 ulciscitur

469 4098 593 4146 decursus
614 4112 703 4147 eornm
727 4098 839 4148 declinet
858 4114 906 4163 quo
928 4092 1010 4147 uehit'.
1055 4095 1137 4144 ieonis
1150 4094 1234 4159 specie
1247 4095 1271 4143 io
1286 4095 1377 4160 hymno
1390 4096 1463 4145 idom.
1479 4097 1551 4146 644.

469 4164 639 4216 Pcerurnrorc.
667 4166 733 4216 idem
752 4182 808 4216 cum
828 4183 876 4216 non
895 4173 954 4230 epte
973 4166 1013 4215 di·
1106 4162 1216 4212 25-27.
1229 4178 1394 4229 quamquam
1403 4168 1595 4229 —serehcra'cr

469 4241 543 4283 catur
555 4234 586 4282 de
598 4234 673 4297 mori,
687 4250 763 4285 mure
774 4237 930 4296 hortorum,
945 4234 970 4283 h.
986 4249 1010 4283 e.
1054 4230 1117 4295 ipsis
1139 4231 1237 4295 superis
1258 4231 1388 4296 incognito
1409 4234 1491 4283 adhuc
1512 4242 1538 4284 et
1557 4235 1597 4284 ia-

467 4303 572 4353 ruhrum
592 4303 635 4352 uei
655 4302 782 4365 indicum,
801 4319 848 4369 per
867 4302 1009 4363 zeugmatis
1053 4307 1155 4363 sperata
1167 4299 1261 4349 Bacchi
1274 4301 1358 4351 uirtus
1371 4310 1436 4353 erat.

468 4372 569 4421 neniam
600 4372 713 4422 additum
743 4380 798 4434 est,
826 4377 853 4420 ot
882 4370 1011 4431 cogitetur
1105 4368 1216 4419 27-28.
1239 4370 1288 4419 red
1306 4370 1512 4422 idern-hetti:
1532 4386 1595 4421 acue

386 4454 397 4474 ⁸
465 4434 821 4505 ιιιιιιιιιι111ιιιιι1ιιο1ιιιιιιι·ο’.
1053 4437 1120 4487 dixit
1138 4438 1200 4501 hcc,
1222 4438 1348 4490 Bacchum
1368 4448 1394 4490 et
1411 4442 1468 4506 paci
1487 4440 1595 4491 ethelin

521 4509 563 4559 18.
582 4512 719 4574 ceperatis
732 4535 764 4543 -
776 4510 864 4572 iugis.-
882 4493 1010 4571 ceperatis¹
1053 4521 1138 4571 parem
1153 4506 1242 4558 inisse.

468 4576 641 4627 ehhomiau'm
655 4576 820 4637 commercio,
840 4582 869 4625 ut
888 4582 947 4624 aute
967 4592 1010 4625 re·
1105 4576 1148 4627 28.
1168 4578 1324 4643 mediusque
1343 4576 1408 4627 tetta
1423 4578 1530 4629 liberius
1543 4578 1595 4629 ool-

467 4650 567 4697 motuc.
599 4644 660 4694 Cum
682 4644 741 4693 uiue
768 4644 853 4695 madet
873 4643 1007 4710 (uuidar),
1053 4646 1162 4697 locatum
1176 4654 1276 4714 estpro
1297 4646 1411 4711 bellique
1430 4649 1547 4711 medius,
1567 4652 1595 4697 at

1674 1651 1736 1786 t
