3884 5525
924 606 1062 659 iioudrll

639 784 747 847 nidum
763 780 850 857 ponit
866 775 939 856 ityu
956 778 1102 839 flebiliter
1116 793 1263 854 gemens.

640 894 751 956 infelix
768 893 837 952 auis
853 895 885 951 et
901 885 1071 965 Cecropiae
1087 892 1197 951 domus

640 1009 800 1067 aeteruum
816 1002 1030 1078 obprobrium,
1046 1002 1128 1076 quod
1144 1001 1225 1062 maie
1239 1001 1403 1063 barbaras·

642 1131 753 1193 regum
770 1118 819 1177 est
834 1114 899 1175 ulta
916 1112 1071 1173 libidines.

642 1270 796 1332 dicuntia
811 1272 920 1329 tenero
936 1266 1079 1342 gramine
1093 1266 1257 1341 pinguium
1342 1248 1353 1267 ⁹

562 1458 564 1462 Ι
641 1380 788 1443 custodes
804 1380 911 1439 ouium
928 1378 1067 1438 earmina
1082 1378 1189 1437 listula

642 1492 859 1565 delectantque
875 1491 966 1551 deum
982 1488 1032 1549 cui
1047 1501 1143 1563 pecus
1159 1492 1191 1549 et
1206 1488 1290 1563 nigri

643 1603 740 1663 colles
757 1602 911 1663 Arcadiae
927 1600 1062 1675 placent.

642 1756 801 1817 adduxere
817 1756 901 1816 sitim
918 1735 1070 1828 tempora,
1088 1748 1223 1827 Vergili.

643 1867 698 1927 sed
713 1880 856 1942 pressum
874 1862 1004 1928 Calibus
1020 1864 1135 1925 ducere
1149 1858 1298 1923 Liberum

642 1976 669 2037 si
685 1977 798 2052 gestis,
817 1977 966 2037 iuuenum
983 1976 1134 2037 nobilium
1151 1974 1260 2049 cliens,

642 2086 739 2147 nardo
755 2088 830 2148 uine
845 2088 1026 2149 mereberis.

504 2243 528 2290 5.
546 2242 602 2308 plin
618 2240 647 2303 B,
668 2240 759 2305 itinH,
779 2240 859 2289 bithia
873 2241 901 2291 S.
1009 2243 1034 2291 6.
1054 2240 1202 2307 caecrupiae
1217 2239 1248 2289 Η.
1356 2238 1382 2288 ’7.
1402 2236 1565 2303 obprobrium

433 2310 541 2361 ABHS:
569 2326 639 2375 oppr.
652 2326 681 2375 g.
796 2309 821 2359 8.
843 2311 987 2375 reguriAg.
1105 2310 1146 2359 lt.
1166 2306 1496 2371 DeiectaulqueABHSga
1515 2306 1566 2354 De·

434 2380 620 2430 leclaute-corr
631 2394 658 2429 ο.
669 2394 705 2429 m.
715 2378 765 2440 Ης,
780 2377 917 2429 Delectant
927 2395 957 2444 g.
1062 2379 1102 2427 12.
1116 2378 1254 2429 archadiae
1265 2376 1343 2426 BSH.
1450 2374 1491 2423 13.
1507 2390 1567 2423 uer·

434 2448 480 2513 pili
494 2450 518 2499 Α
534 2448 697 2497 Parisiemis
716 2446 799 2497 7900:
832 2447 1054 2514 uirgiliBHSgru.
1173 2448 1215 2497 16.
1235 2446 1295 2495 bina
1307 2446 1341 2496 A.
1423 2443 1566 2493 mereberis

434 2518 493 2577 Ηςι
514 2516 644 2567 uerebere
656 2516 725 2582 Arg
736 2531 772 2581 pr
784 2516 831 2575 ὃς.

486 2664 573 2714 5-8.
593 2664 614 2712 h
634 2678 718 2713 rerum
733 2670 826 2713 natura
838 2662 933 2714 transit
945 2664 978 2715 ad
1021 2671 1199 2727 transgressus
1219 2662 1313 2726 gaudie
1333 2648 1465 2727 pastorum
1484 2659 1568 2709 Area-

435 2732 521 2783 studia
540 2732 686 2783 animalium
704 2748 783 2784 uerno
802 2740 915 2801 tempore
934 2749 980 2784 eu·
1022 2734 1080 2784 diae
1099 2732 1188 2783 refert.
1216 2732 1243 2782 lu
1263 2745 1355 2794 magna
1374 2730 1501 2780 uarietate
1521 2729 1569 2778 ad·

434 2803 532 2864 citata,
552 2817 584 2852 ex
603 2804 694 2868 quibus
712 2801 890 2867 birundinum,
909 2803 980 2853 ueris
1021 2803 1164 2852 mirabilem
1182 2802 1259 2852 simul
1281 2801 1472 2865 simplieitatem
1494 2813 1566 2848 secu·

435 2871 567 2935 nuntiam,
588 2872 748 2922 memorauit.
770 2871 862 2922 infelix
882 2872 939 2922 auis
953 2879 980 2921 et
1022 2879 1065 2922 lus
1078 2880 1126 2922 est.

436 2938 575 3006 Cecropiae
606 2941 694 2991 dumus
725 2948 857 2991 aeternum
887 2941 980 3006 obpro·
1075 2939 1199 2989 ll-lu.
1224 2942 1300 3003 nigri
1317 2939 1397 2988 colles
1410 2935 1566 2986 Arcadiae:

435 3008 516 3058 briuru
530 3001 659 3074 (hirsutior)
680 3016 720 3059 est
732 3008 829 3060 Procne
848 3011 874 3060 iu
893 3011 980 3059 biruu-
1021 3009 1114 3059 consiti
1134 3023 1229 3072 quercu
1248 3015 1274 3057 et
1292 3007 1427 3056 arboribus
1446 3003 1567 3070 piniferis

436 3077 518 3126 dinem
529 3093 664 3128 conuersa.
681 3077 721 3127 Cf.
734 3077 814 3144 lipti
829 3081 841 3127 7
856 3079 886 3128 13
896 3099 905 3128 ι
917 3094 979 3126 cum
1022 3078 1122 3140 nigrum
1138 3077 1249 3126 colorem
1267 3075 1392 3126 referunt·
1405 3072 1452 3124 ul.
1468 3073 1477 3122 l
1491 3074 1522 3122 21
1540 3075 1566 3135 7,

436 3146 571 3210 Zephyris
594 3173 630 3182 -
654 3151 680 3194 ed
707 3147 854 3196 hirundine
875 3150 977 3212 primm
1023 3145 1154 3210 illilus.

436 3213 540 3262 Hesiodi
556 3205 642 3279 Ἔργα
661 3213 727 3262 5662
751 3209 832 3264 τόνδε
849 3209 909 3282 μετ’
930 3209 979 3282 ὀρ-
1076 3213 1197 3264 13-16.
1217 3213 1255 3262 ild
1269 3212 1423 3278 propositum
1437 3210 1566 3260 accessit:

435 3274 541 3348 θρογόη
555 3277 709 3336 Πανδιονὶς
729 3271 799 3346 ὦρτο
815 3277 936 3347 χελιδὼν
952 3279 980 3339 ἐς
1019 3277 1145 3348 ‘tempora
1158 3283 1226 3331 silim
1246 3272 1422 3341 addiuxerurit,
1444 3293 1520 3344 quam
1539 3286 1568 3327 tu

437 3341 509 3414 φάος
523 3341 700 3412 ἀνθρώποις,
722 3346 802 3414 ἔαρος
820 3352 882 3402 νέον
901 3351 980 3400 ἵστα·
1022 3353 1112 3401 sedare
1126 3352 1191 3416 apud
1204 3365 1244 3401 me
1258 3351 1327 3400 dulci
1340 3350 1400 3399 uino
1411 3357 1503 3432 potes,
1521 3348 1567 3396 sed

434 3415 538 3485 μένοιο.
570 3415 607 3465 De
632 3413 728 3468 Procne
755 3419 861 3469 eandem
887 3420 980 3470 lamam
1023 3420 1431 3484 neusinealiquomuueretuo.

437 3491 539 3534 secutus
557 3491 597 3534 eet
616 3498 690 3549 quam
708 3484 815 3536 Ouidius
828 3486 931 3538 Melam.
946 3487 980 3538 Vi
1077 3490 1117 3540 li.
1135 3503 1260 3553 pressum
1275 3488 1401 3537 Calibus.-
1418 3485 1453 3536 cf.
1468 3485 1477 3534 l
1492 3485 1525 3534 20
1539 3484 1566 3534 9.

436 3553 567 3618 lorsqu,
587 3551 979 3608 Pausanias154.hliaiamu
1076 3558 1187 3608 ducere:
1220 3572 1269 3606 nou
1298 3556 1380 3605 solum
1405 3554 1567 3618 gratissimus

324 3630 329 3650 l
436 3622 616 3672 Philomelam
637 3621 714 3674 Terei
736 3623 867 3688 coniugem
886 3633 912 3676 et
933 3626 980 3675 tilii
1023 3626 1074 3676 erit
1098 3625 1177 3676 Liber
1201 3641 1215 3674 u
1242 3641 1282 3674 me
1309 3625 1490 3690 apponendus,
1522 3622 1569 3670 sed

437 3691 477 3741 sui
508 3691 709 3742 interfectricem
743 3691 837 3756 babel;
877 3694 980 3744 Homeri
1023 3695 1099 3744 etiam
1114 3695 1225 3760 largum
1240 3694 1303 3742 illud
1316 3708 1442 3758 pressum
1456 3691 1568 3741 Calibus

437 3759 530 3826 Odyss.
553 3777 568 3810 r
585 3759 651 3823 518,
678 3760 793 3827 Sophocle
816 3761 906 3828 oedip.
922 3763 978 3813 Col.
1021 3763 1160 3827 siguificat,
1175 3764 1221 3812 boc
1235 3763 1302 3812 inest
1313 3763 1392 3810 uerbo
1406 3761 1513 3811 ducere.

437 3829 498 3892 eil,
518 3828 613 3879 Catuli.
628 3830 660 3879 65
676 3829 705 3879 13
720 3837 769 3880 cet.
786 3829 857 3894 Quod
873 3831 980 3882 hirundo
1077 3834 1118 3881 15.
1154 3836 1281 3881 iuuenum
1310 3831 1440 3880 nobilium
1464 3828 1565 3876 eliens:

438 3913 486 3946 non
501 3899 570 3948 cauit
590 3913 670 3962 neque
690 3914 753 3949 uoce
772 3899 868 3964 liquida
888 3901 979 3959 utitur,
1020 3894 1116 3950 ‘utrum
1137 3901 1200 3949 baeu
1218 3901 1250 3949 ud
1263 3898 1393 3949 Tiberium
1406 3905 1433 3948 et
1445 3897 1567 3958 Drusum,

437 3965 482 4016 sed
504 3973 601 4015 tantum
624 3965 749 4026 fritinnit,
772 3967 828 4033 ltyu
844 3969 981 4034 flebiliter
1018 3969 1127 4032 ¹Augusti
1152 3969 1299 4034 priuignos,
1325 3982 1358 4017 au
1383 3967 1415 4016 ad
1437 3965 1567 4030 Agrippae

435 4035 660 4100 gemeredicilur.
1023 4036 1104 4100 lilios,
1130 4036 1240 4100 Augusti
1264 4043 1386 4101 nepotes,
1409 4035 1453 4100 qui
1477 4041 1568 4099 postet

489 4101 566 4152 7—-8.
579 4103 651 4168 quod
659 4104 731 4154 mule
741 4104 873 4154 barbarae
883 4119 979 4168 regum
1021 4104 1052 4154 G.
1067 4113 1094 4155 el
1106 4105 1136 4155 L.
1151 4106 1208 4155 iulii
1222 4105 1360 4167 Caesares,
1374 4119 1416 4162 an,
1430 4111 1460 4153 ut
1471 4101 1569 4152 mauolt

437 4175 481 4219 ert
503 4171 562 4220 ulta
587 4171 726 4222 libidines:
757 4171 875 4222 libidines
906 4172 979 4236 dicit,
1023 4173 1170 4238 Bentleius,
1185 4175 1217 4224 ad
1230 4188 1392 4240 quoscunque
1406 4172 1509 4222 undem
1522 4185 1568 4220 uo-

436 4237 804 4359 lllblldililliddi
817 4241 979 4360 illidii
1022 4242 1089 4360 ilii
1102 4239 1568 4363 blllllvl‘il'eilla”tillidi

437 4377 518 4425 sorori
532 4377 646 4441 coniugis
659 4393 720 4428 suae
734 4378 785 4428 uim
806 4377 902 4427 intulit.
929 4377 979 4428 Sed
1024 4380 1069 4429 tio.
1089 4381 1215 4446 Agrippae
1233 4381 1280 4430 lilii
1299 4327 1360 4430 inne
1378 4377 1492 4428 infantes
1507 4383 1567 4426 aute

436 4445 482 4494 bus
500 4443 621 4496 libidines
640 4447 711 4494 maie
722 4447 763 4496 uel
773 4461 861 4511 praue
873 4447 927 4496 ulta
940 4455 980 4497 cst
1023 4447 1122 4498 Horatii
1144 4450 1240 4498 obitum
1258 4448 1394 4514 pueritiam
1407 4461 1456 4496 uon
1468 4444 1568 4510 egressi

437 4511 532 4562 Procne
558 4515 652 4563 coniux
676 4514 760 4562 occiso
785 4515 924 4574 filiosuo,
950 4523 980 4566 ut
1023 4525 1082 4567 suut
1102 4533 1132 4567 ac
1149 4525 1253 4584 propter
1272 4519 1338 4567 banc
1355 4513 1568 4566 causamiueiue

437 4581 589 4644 epulandum
603 4583 676 4630 daret
688 4582 789 4630 marito.
1022 4587 1175 4636 carminibus
1188 4603 1238 4635 uon
1256 4591 1439 4636 memorantur.
1459 4582 1568 4633 iuuenes

489 4648 583 4698 9-12.
603 4650 641 4698 Ab
655 4649 808 4700 animalibus
819 4653 852 4702 ad
866 4653 979 4704 homiues
1023 4655 1122 4704 nobiles
1135 4655 1199 4704 certi
1212 4654 1313 4719 quidam
1326 4661 1386 4704 suut
1395 4660 1422 4703 et
1430 4650 1566 4712 eiusmodi,
