3884 5525
954 640 1094 693 ΗΟΒΑΤΙΙ

669 814 848 889 nostrisque
864 812 990 874 ductum
1008 812 1213 873 seditionibus

668 925 782 987 beilum
797 924 930 986 resedit:
948 923 1093 999 protinus
1107 926 1140 985 et
1153 924 1264 999 grauis

669 1036 733 1097 iras
749 1038 780 1095 et
794 1035 932 1097 inuisum
948 1012 1103 1109 nepotem,

669 1144 784 1208 Troica
799 1160 890 1222 quem
905 1145 1025 1222 peperit
1040 1144 1198 1222 sacerdos,

668 1296 765 1361 Marti
780 1298 947 1360 redonabo.
979 1298 1069 1360 iiium
1084 1312 1145 1374 ego
1158 1296 1280 1359 lucidas

668 1410 750 1472 inire
765 1410 866 1486 sedes,
886 1410 999 1471 ducere
1015 1409 1150 1470 nectaris

668 1537 761 1584 sucos
778 1524 809 1582 et
824 1520 939 1583 ascribi
954 1520 1069 1595 quietis

670 1634 832 1696 ordinibus
847 1631 949 1709 patiar
964 1630 1103 1692 deorum.

670 1789 742 1850 dum
757 1788 871 1863 longus
886 1786 970 1847 inter
985 1759 1200 1846 saeuiat'liion
1235 1786 1238 1792 '

668 1896 861 1973 Romamque
875 1900 1002 1973 pontus,
1021 1894 1158 1971 qualibet
1173 1893 1284 1955 exules

668 2010 701 2069 iu
717 2013 805 2084 parte
819 2011 971 2083 regnanto
987 2008 1089 2085 beati3

460 2130 494 2179 do
668 2118 740 2179 dum
755 2115 873 2180 Priami
887 2116 1074 2194 Paridisque
1088 2118 1181 2179 busto

529 2271 814 2338 insedidonibosdg.
866 2260 872 2271 ⁸
910 2273 952 2323 30.
967 2272 1097 2337 grauisB:
1112 2270 1289 2336 grauesGHg.
1382 2271 1426 2321 34.
1441 2271 1589 2323 ducercGor

460 2342 498 2400 (u.
507 2340 695 2405 Blandinius).·
710 2341 808 2391 discere
817 2342 911 2407 augg.
997 2343 1038 2391 35.
1054 2356 1130 2391 sucos
1140 2340 1219 2405 dag:
1234 2355 1322 2389 succos
1335 2354 1413 2389 eroso
1424 2345 1519 2406 priore
1530 2343 1587 2391 cB.

459 2408 554 2457 ascribi
573 2412 640 2473 mei,
663 2426 715 2460 non
735 2410 819 2460 adscr.
935 2410 978 2460 37.
998 2409 1162 2461 interseuiat
1174 2408 1237 2472 BG,
1259 2409 1430 2459 intersaeuiat
1442 2411 1482 2474 H,
1507 2410 1589 2459 iater-

448 2476 582 2544 ·seuiatg.
686 2478 728 2528 38.
748 2476 893 2545 Romamque
907 2479 938 2529 B.

512 2624 554 2675 29.
582 2629 737 2691 tenebrisque
756 2626 867 2677 ductum
891 2628 1002 2678 seditio·
1044 2626 1127 2675 mulus
1140 2625 1164 2675 iu
1178 2626 1276 2676 caelum
1289 2626 1415 2675 admissus
1428 2626 1496 2692 patri
1508 2624 1589 2677 Marti

460 2696 555 2743 nibus:
574 2695 661 2761 paucis
677 2710 778 2745 causum
799 2695 936 2759 indicauit,
956 2712 1002 2745 cur
1044 2694 1193 2744 redonatur.

459 2764 589 2828 gensvsibi
609 2763 792 2830 Mineruaeque
811 2766 931 2816 damnata
949 2773 1001 2815 tam
1097 2763 1221 2814 act-35.
1242 2764 1338 2814 deucere
1354 2766 1474 2814 acetaria
1490 2779 1588 2813 auena.-

461 2832 503 2880 diu
516 2832 608 2881 betium
622 2834 733 2884 tolerare
748 2835 867 2899 potuerit.
1045 2833 1087 2899 qui
1098 2848 1128 2881 ex
1137 2833 1288 2882 mortalibus
1298 2847 1387 2881 reeens
1397 2832 1429 2880 ad
1438 2832 1588 2882 inmortales

510 2901 553 2950 ³0.
590 2905 736 2964 protinus:
773 2903 915 2968 extemplo,
944 2903 1002 2952 sine
1046 2900 1590 2965 euectusest‚buncmagnauoluptatedu-

459 2984 545 3032 mara;
565 2968 601 3020 ci.
616 2970 697 3020 Serm.
713 2969 762 3019 115
777 2971 819 3020 21.
957 2981 961 2988 “
1045 2968 1587 3032 cturdmessenectarissueosiunoeogitat.

511 3038 553 3086 31.
580 3042 697 3087 r'nuianm
716 3045 854 3101 nepotem.-
881 3038 1002 3088 Romulus
1046 3040 1150 3088 Ducere
1174 3046 1213 3087 est
1237 3039 1326 3096 σπᾶν,
1355 3034 1451 3088 ἕλκειν.
1494 3037 1589 3087 Veram

460 3120 537 3169 nepos
549 3112 589 3154 est
601 3105 688 3154 lunoni
701 3113 730 3154 ut
742 3105 823 3156 Marte
836 3108 946 3171 gemina,
962 3111 1003 3156 in·
1045 3106 1199 3171 scripturam
1212 3107 1308 3156 ducere
1320 3107 1435 3172 sequitur
1446 3109 1529 3156 Aaron
1542 3123 1590 3156 ea-

336 3213 338 3218 .
369 3222 371 3226 ,
459 3173 869 3225 uisurautmatreTroicanatus.
1045 3168 1308 3240 plicans‘propinare‚
1323 3169 1429 3240 potare’,
1449 3175 1509 3224 item
1523 3174 1589 3224 Cru-

512 3240 553 3288 32.
577 3239 674 3289 Troica
694 3257 770 3305 prtem
788 3247 894 3308 peperit
911 3259 1002 3292 socer-
1045 3242 1097 3308 quii
1107 3250 1306 3292 commentator:
1324 3245 1588 3309 otteramnouaptam

459 3307 524 3356 doa:
543 3305 636 3374 Troica
654 3309 775 3358 sacerdos
795 3317 834 3360 est
853 3310 901 3360 llia
914 3311 1002 3360 Aenea
1045 3311 1147 3361 discere
1163 3311 1347 3378 interpretatus
1365 3320 1405 3362 est
1418 3311 1587 3394 Porphyrion,

459 3374 560 3437 genito,
581 3391 613 3424 ex
631 3377 693 3425 urbe
710 3376 821 3428 Troiana
835 3377 956 3444 (Troica)
975 3380 1001 3428 iu
1042 3375 1203 3430 ‘assuescere
1217 3381 1351 3446 saporibus
1365 3380 1493 3430 nectaris.

459 3442 558 3492 ltaliam
573 3445 708 3507 translata,
723 3454 895 3510 postmortem
908 3448 1000 3497 Anioni
1097 3449 1139 3498 35.
1171 3452 1284 3512 quietis.-
1316 3457 1421 3499 aeterna
1450 3449 1534 3514 quiete
1560 3456 1590 3499 et
1614 3495 1621 3507 ,

458 3519 503 3561 eut
516 3511 602 3561 Tiberi
617 3521 703 3578 nupia.
718 3512 781 3564 Nam
796 3515 915 3566 Horatius
928 3524 1002 3566 uete-
1045 3517 1099 3566 otio
1114 3517 1276 3578 inuentibus3
1291 3512 1455 3584 ‘philosophi’
1470 3517 1588 3583 (Epicuri

458 3580 493 3630 ris
519 3579 602 3630 iamae
626 3581 789 3633 traditionem
817 3592 919 3634 secutus
950 3592 1000 3648 est,
1044 3585 1139 3651 placita
1157 3587 1251 3648 secuti)
1266 3581 1343 3636 ‘enim
1364 3588 1428 3636 banc
1448 3586 1589 3636 beatitudi-

458 3665 532 3715 quam
551 3650 621 3713 legas
638 3652 701 3716 apud
717 3651 832 3702 Seruium
846 3654 878 3702 ad
891 3652 1001 3716 Vergilii
1045 3670 1100 3704 uem
1125 3655 1165 3704 dis
1189 3656 1326 3717 dederunt,
1349 3670 1398 3719 qua
1421 3671 1465 3704 eos
1488 3654 1588 3704 otiosos

457 3721 523 3768 Aeo.
549 3717 558 3768 l
584 3719 651 3768 273:
688 3720 810 3771 Naeuius
841 3728 868 3771 ei
896 3724 1001 3772 Ennius
1044 3739 1101 3773 esse
1122 3732 1149 3773 et
1169 3724 1232 3773 nibil
1249 3738 1340 3772 curare
1359 3737 1405 3771 nec
1423 3723 1589 3772 alicuiusrei

457 3789 562 3838 Aeneae
581 3803 615 3836 aa
631 3787 697 3852 ‘filia
716 3795 838 3855 nepotem
858 3789 1001 3841 Romulum
1044 3792 1217 3841 sollicitudine
1230 3791 1311 3841 teneri
1324 3783 1428 3838 dieant’.
1442 3789 1541 3838 Aenon.

458 3856 623 3906 conditorem
636 3859 711 3906 urbis
731 3859 854 3908 tradunt.
882 3859 947 3909 idem
968 3860 999 3909 ad
1096 3860 1128 3910 37
1135 3861 1219 3909 -44,
1239 3858 1303 3906 Dum
1316 3858 1383 3905 inter
1394 3854 1498 3905 Troiam
1511 3864 1587 3908 uete-

393 3959 395 3966 .
456 3923 489 3973 Vi
507 3923 570 3973 778:
584 3925 651 3975 dieii
663 3942 778 3992 namque
789 3926 910 3992 (Ennius)
921 3929 999 3978 Itium
1043 3942 1096 3977 rem
1110 3935 1136 3977 et
1146 3925 1247 3975 Romam
1258 3925 1328 3974 nulia
1337 3923 1447 3973 societas
1457 3924 1585 3991 obtineat,

450 3993 648 4057 suissefilr'am
667 3995 789 4044 Aeneae:
815 3996 889 4061 quod
906 4001 932 4046 ai
948 4001 998 4058 est,
1043 3994 1150 4044 Romani
1164 3993 1232 4043 beati
1244 4000 1271 4042 et
1282 3993 1394 4041 uictores
1406 4001 1492 4043 sunto.
1512 3993 1586 4045 ilaue

457 4062 561 4112 Aeneas
581 4077 650 4111 onus
670 4068 712 4112 est
722 4062 840 4128 Romuli.
861 4063 904 4114 Sic
918 4065 1001 4129 lique·
1042 4063 1209 4112 conditionem
1242 4059 1425 4123 magnitudinis
1454 4061 1586 4114 Romanae

457 4129 495 4178 bit
515 4144 561 4177 cur
578 4128 639 4177 imo
659 4129 800 4182 Horatiana
824 4131 854 4181 de
877 4139 998 4197 tempore,
1042 4132 1140 4195 superis
1158 4129 1357 4194 approbantibus
1371 4128 1431 4180 iuno
1449 4132 1584 4196 proponit3

457 4213 505 4263 quo
519 4197 639 4247 Romulus
651 4198 676 4246 iu
690 4201 788 4250 caelum
809 4201 939 4261 ascendit,
961 4201 998 4249 ita
1041 4197 1076 4247 ci.
1091 4198 1122 4247 ad
1135 4215 1161 4247 u.
1173 4199 1219 4248 57.“

456 4267 524 4331 loqui
538 4265 632 4329 possit,
654 4268 726 4331 quasi
740 4284 788 4317 nou
802 4269 844 4317 diu
857 4275 913 4332 post
925 4283 999 4316 euer-
1094 4265 1205 4315 37-38,
1223 4265 1286 4315 dum
1295 4272 1456 4331 —pontuas
1469 4269 1585 4332 bocpoe·

457 4349 511 4384 sam
526 4333 628 4384 Troiam
642 4337 674 4384 ad
688 4337 761 4384 diuos
775 4336 890 4385 sublatus
904 4333 947 4383 sit.
1041 4333 1091 4383 tice
1105 4333 1200 4384 dietum
1217 4349 1262 4398 pro
1273 4331 1417 4386 ‘dummodo
1431 4352 1503 4386 omae
1515 4351 1584 4385 com-

487 4407 489 4414 '
509 4402 552 4454 33.
571 4403 661 4452 Mardi
671 4405 824 4454 redonabo:
837 4417 882 4466 per
896 4402 998 4470 ζεῦγμα
1040 4402 1162 4452 mercium
1180 4400 1247 4452 inter
1265 4402 1368 4454 Romam
1387 4412 1414 4455 et
1426 4404 1498 4454 ilium
1511 4404 1585 4454 omit·

408 4495 411 4501 ¹
457 4471 573 4521 notiones
586 4472 740 4522 condonabo
758 4479 784 4519 et
800 4470 935 4520 redonabo
947 4487 997 4519 uuo
1041 4465 1129 4521 tatur’.
1159 4469 1256 4536 Quippe
1284 4477 1390 4523 saeuire
1413 4473 1584 4538 praesumitur

456 4541 534 4590 uerbo
549 4540 701 4603 iunguntur:
723 4553 780 4587 uam
796 4539 827 4587 ad
841 4540 898 4587 iras
912 4546 998 4604 aptum
1041 4554 1111 4589 mare
1129 4555 1144 4589 5
1163 4540 1249 4590 nautis
1268 4541 1377 4592 uitatum
1395 4557 1425 4591 ae
1444 4543 1581 4602 desertum,

456 4609 611 4658 condonabo
630 4608 671 4670 (=
689 4606 842 4670 remittam),
865 4607 896 4656 ad
919 4623 999 4672 nepo·
1041 4608 1167 4673 piacidum
1189 4623 1247 4658 esse
1268 4609 1293 4658 ia
1315 4627 1364 4675 quo
1385 4610 1480 4660 multae
1505 4623 1583 4658 naues

457 4680 511 4726 tom
529 4675 785 4740 autem-redonabo,
808 4675 931 4742 siquidem
950 4677 999 4727 Ro
1042 4677 1091 4728 bue
1104 4677 1165 4728 iiiuc
1177 4686 1326 4730 commeant.
