3884 5525
970 639 1109 692 uuuntll

870 947 1096 1016 .xvm.

560 1097 701 1177 Nullam,
719 1097 814 1175 Vare,
833 1113 923 1185 sacra
938 1100 1005 1160 uite
1020 1099 1105 1176 prius
1122 1097 1241 1159 seueris
1256 1099 1398 1160 arborem
1477 1119 1479 1125 2

561 1213 646 1273 circa
660 1211 735 1272 mite
749 1211 849 1271 solum
862 1207 991 1271 Tiburis
1007 1213 1039 1270 et
1055 1209 1178 1270 moenia
1194 1203 1300 1271 Catili.

485 1352 488 1358 ’
543 1365 582 1416 nl
591 1363 685 1416 Varum
695 1341 857 1430 Quintilium.
877 1363 986 1415 hietrum
999 1364 1178 1415 coriambicum
1191 1380 1224 1414 ex
1236 1364 1357 1429 spondeo,
1372 1362 1455 1412 trihus
1468 1361 1603 1414 coriamhis

475 1442 502 1485 et
519 1435 632 1500 pirricho
652 1434 695 1484 uel
720 1435 804 1483 iamho
824 1434 878 1484 siue
904 1433 1063 1498 phaleucium
1081 1435 1115 1484 Α.
1229 1431 1388 1496 Pragmatice
1407 1432 1552 1481 monoculus
1571 1432 1604 1482 ad

475 1501 569 1553 Varum
581 1504 613 1554 B.
718 1503 865 1568 Alloquitur
872 1501 966 1552 Varum
976 1500 1126 1566 Quintillum
1139 1502 1169 1552 de
1182 1501 1289 1566 mitibus,
1304 1497 1425 1550 summam
1439 1501 1526 1551 dicens
1538 1501 1602 1566 uini,

475 1573 589 1637 eedcum
602 1571 674 1620 modo
688 1572 843 1636 boluptatem
856 1571 889 1621 H.
1061 1565 1064 1576 '
1242 1567 1245 1574 ’

545 1641 569 1708 1,
589 1641 731 1690 Diomedes
744 1646 773 1691 et
784 1639 857 1691 Mor.
872 1640 1031 1691 Victorinus
1044 1638 1062 1688 1.
1077 1653 1111 1701 c,
1133 1637 1310 1688 Terentianus
1322 1638 1436 1688 Maurae
1449 1653 1477 1687 u.
1490 1637 1567 1687 2717.

474 1709 576 1759 sacrani
595 1717 620 1759 te
631 1710 667 1760 A.
784 1710 810 1759 2.
829 1709 929 1776 tyburis
942 1708 1000 1759 BG.
1071 1706 1200 1758 meniaG.
1272 1706 1361 1758 cathili
1374 1707 1411 1770 B,
1432 1706 1531 1756 calhilli
1546 1705 1601 1768 GH,

476 1778 584 1828 catthilli
600 1779 632 1828 A.
967 1816 970 1822 .

526 1936 716 1989 CarmXVill.
730 1937 899 1988 Prooemium.
918 1939 1020 1990 Bocchi
1060 1943 1103 1987 tur
1123 1943 1239 2002 spectare
1260 1936 1429 2001 paenultimus
1451 1935 1525 1986 huius
1547 1949 1604 1985 cer·

474 2043 602 2092 munera,
623 2028 709 2092 Varo,
730 2043 860 2093 magnum
877 2031 957 2079 „pm
970 2030 1018 2078 pm.
1060 2004 1135 2055 miuis
1147 2020 1254 2055 uersus:
1270 2009 1298 2055 ei
1311 2005 1409 2055 totiena
1419 2031 1451 2042 -
1461 2007 1601 2055 uerticem.

475 2117 759 2167 mnf3adiummtum
773 2120 910 2193 afferunt:
931 2121 1018 2168 ΜΩ.
1061 2073 1150 2139 lacque
1172 2073 1294 2124 Huratius
1316 2089 1380 2139 quae
1402 2089 1482 2140 nuper
1504 2073 1602 2122 accide-

1060 2152 1119 2193 rant
1140 2143 1279 2206 generatim
1293 2142 1376 2208 eloqui
1390 2150 1416 2192 et
1428 2157 1553 2192 exornare
1566 2141 1604 2192 sic

476 2206 533 2256 dice
544 2211 653 2271 sumpta
665 2207 761 2256 multis
781 2208 861 2256 malie
881 2224 929 2257 noe
943 2209 1017 2274 osfle'-
1060 2211 1182 2276 suscepit,
1194 2218 1222 2260 ut
1235 2211 1298 2260 baec
1311 2211 1388 2260 ctiam
1399 2211 1431 2260 ah
1444 2211 1496 2260 illis
1506 2210 1601 2276 percipi

475 2301 563 2346 “m
581 2293 701 2360 (imm
716 2296 744 2360 ²>
918 2297 922 2305 ’
1013 2286 1185 2398 'ltttt
1198 2278 1602 2398 tttltttllttlttlttlt

1386 2385 1393 2409 9

527 2413 634 2466 Missum
646 2422 687 2465 est
705 2415 752 2464 hoc
769 2429 858 2480 poema
871 2414 904 2464 ad
918 2412 1017 2478 Quinti·
1060 2416 1118 2482 (30)
1132 2424 1279 2482 temptatos,
1294 2416 1467 2482 suppeditanit
1479 2416 1602 2476 Alcaeus,

474 2486 536 2536 lium
549 2483 653 2547 Verum,
674 2484 824 2549 locupletem
837 2484 952 2549 poeticae
965 2483 1019 2534 uir-
1060 2486 1277 2536 cuiushicuersus
1286 2483 1486 2535 ahdthcnacoX
1494 2485 1601 2550 utute

474 2554 538 2605 tutis
563 2553 671 2604 iudicem
690 2552 756 2618 (ΑΡ.
770 2554 821 2603 438
831 2553 916 2618 sqq.),
943 2568 1016 2618 quem
1061 2553 1182 2605 affertur:
1201 2551 1291 2622 μηδὲν
1302 2546 1367 2603 ἄλλο
1380 2547 1520 2623 φυτεύσῃς
1531 2547 1603 2618 πρό-

475 2639 540 2674 auno
566 2623 616 2672 730
641 2623 713 2687 (ante
736 2622 797 2672 Chr.
821 2623 866 2686 24)
890 2630 1016 2673 mortuum
1061 2616 1413 2692 tepovde‘e‘doeovoipmtim.
1433 2621 1602 2672 Vltratamen

411 2681 418 2697 ⁸
456 2692 579 2743 -dedeuit
588 2692 700 2741 carmine
710 2691 831 2742 uicesimo
842 2699 932 2756 quarto
943 2690 1017 2740 huius
1059 2691 1182 2742 Alcaeum
1205 2707 1253 2741 non
1274 2691 1377 2741 uidetur
1397 2691 1511 2742 imitatus
1534 2707 1601 2750 esse,

474 2763 544 2813 libri.
570 2759 656 2811 Etiam
676 2762 722 2810 hos
734 2776 826 2813 uersus
840 2777 889 2811 uon
902 2761 945 2811 diu
958 2767 1018 2809 ante
1060 2768 1089 2812 ut
1098 2762 1199 2826 parebit
1208 2762 1413 2827 comparantibus
1423 2761 1535 2811 eiusdem
1546 2776 1603 2811 cae

475 2838 582 2881 mortem
596 2829 715 2895 Quintilii
736 2830 891 2880 iactosesae
910 2837 1018 2895 puteus·
1060 2830 1135 2880 minis
1161 2830 1284 2895 reliquias
1314 2832 1340 2879 in
1365 2830 1506 2893 fragmento
1530 2830 1562 2879 39
1587 2844 1603 2879 a

474 2900 540 2960 rim,
565 2914 630 2964 quae
652 2900 798 2952 coniectura
820 2899 912 2948 nititur
931 2897 1018 2947 uerbis
1060 2898 1170 2961 Bergkio
1181 2898 1286 2959 (Poetae
1293 2898 1354 2966 hyr.
1364 2897 1423 2961 Gr.)
1433 2914 1456 2964 p.
1466 2899 1515 2948 tto
1525 2899 1603 2948 colle·

474 2968 648 3034 (ult-lou
661 2969 1018 3033 quaeeuheequitoreoeeue
1061 2974 1142 3017 catus.
1174 2967 1309 3017 Diomedes
1331 2966 1364 3017 ΙΙΙ
1386 2968 1418 3018 35
1440 2968 1471 3017 18
1494 2975 1603 3018 metrum

475 3052 553 3087 amor
569 3038 629 3098 eui,
655 3040 685 3085 et
702 3036 798 3084 tollens
817 3051 934 3085 nacunm
951 3035 1017 3100 plere
1059 3035 1227 3101 Supplicem
1246 3036 1546 3103 heecedecaeyllabum,
1566 3035 1602 3086 ΙΙΙ

475 3107 560 3153 nimio
577 3104 670 3167 gloria
691 3106 837 3164 uerticem,
869 3107 1019 3167 arcanique
1060 3104 1094 3154 34
1107 3104 1139 3153 22
1152 3104 1351 3155 Archilochium
1366 3105 1514 3155 nominauit.

467 3171 542 3235 fides
569 3170 703 3234 prodiga,
732 3171 901 3234 perlucidior
931 3175 1015 3221 uitro.
1115 3173 1138 3223 1.
1159 3171 1386 3223 Nullam—uite
1401 3177 1480 3238 priua
1498 3176 1602 3223 seueris

473 3239 543 3289 Haec
563 3253 603 3288 me
625 3237 708 3287 iudice
730 3238 871 3302 respiciunt
892 3238 1017 3287 illustrem
1060 3242 1201 3291 arborem:
1221 3241 1247 3291 iu
1260 3239 1439 3293 adhortatione
1452 3256 1604 3308 pernegan-

473 3306 583 3371 Vergilii
608 3304 775 3371 Quintiliique
800 3306 907 3355 amicum
932 3310 1017 3356 nimio
1058 3308 1602 3377 temuoodmillataperiectumconiunctiui

473 3391 547 3427 mero
565 3373 770 3441 pessumdatum,
791 3374 847 3424 dico
861 3375 1017 3425 Cornelium
1059 3383 1194 3443 praesente
1214 3377 1308 3429 fortius
1320 3380 1478 3431 uoluntatem
1492 3380 1603 3431 suaden-

476 3444 584 3495 Goiium
607 3450 707 3509 poetam
727 3442 946 3507 Foroiuliensem,
974 3444 1017 3509 qui
1059 3447 1094 3496 tis
1105 3447 1241 3511 eloquitur,
1251 3446 1472 3499 utiillztune
1482 3452 1603 3515 quaesie-

474 3528 540 3563 anno
559 3512 609 3563 728
628 3519 763 3563 accusatus
784 3519 810 3563 et
831 3519 936 3563 senatus
957 3528 1017 3561 con·
1059 3518 1108 3565 rie.
1168 3516 1298 3567 Arionem
1309 3532 1365 3567 cum
1379 3521 1603 3583 uitepoeterecte

475 3582 541 3632 sulto
555 3582 588 3631 ad
599 3588 705 3631 mortem
719 3582 853 3631 damnatus
871 3581 957 3644 gladio
970 3597 1016 3631 suo
1059 3585 1214 3649 composuit,
1231 3586 1296 3650 quod
1309 3587 1375 3637 uites
1393 3601 1462 3636 more
1476 3594 1565 3637 uetere
1577 3586 1603 3635 in

473 3650 601 3701 occubuit.
633 3648 709 3700 Gallo
729 3650 792 3700 uitio
815 3650 928 3699 dabatur
948 3650 1017 3700 inter
1060 3652 1196 3703 arboribus
1209 3654 1418 3705 numerabantur.
1440 3652 1519 3704 Gaius
1529 3655 1603 3703 Corn-

474 3720 535 3769 uina
559 3718 667 3783 Augusti
697 3734 792 3771 arcane
822 3720 965 3784 prodidisse
992 3726 1018 3771 et
1059 3729 1137 3772 ment.
1154 3722 1202 3773 llll
1222 3721 1295 3785 §lle
1322 3722 1391 3771 unde
1415 3736 1475 3769 cam
1499 3724 1549 3783 qui
1570 3721 1603 3769 de

475 3788 609 3852 superbius
622 3788 652 3837 de
666 3788 720 3837 suis
733 3788 810 3838 rebus
823 3788 933 3838 locutum
946 3804 1014 3839 esse.
1060 3793 1164 3841 nitidata
1187 3794 1298 3840 succisio
1318 3792 1359 3839 ita
1380 3792 1493 3851 egisset,
1519 3792 1550 3835 ut
1571 3791 1601 3837 ire

474 3856 551 3907 Ouid.
566 3854 647 3907 Trist.
666 3855 686 3905 tl
704 3858 770 3907 445:
786 3858 851 3922 suit
870 3859 1016 3923 obprobrio
1060 3862 1166 3909 actione
1178 3862 1248 3907 uites
1260 3860 1421 3917 nominaret,
1443 3870 1601 3920 responsum

473 3925 1016 3991 —iiuguumnimionontenuieeemerc,·
1060 3932 1103 3977 ert
1120 3942 1180 3977 eum
1199 3940 1257 3974 rem
1276 3924 1444 3989 perdidisse,
1472 3928 1538 3988 quia
1557 3925 1602 3975 de-

473 3992 561 4045 Amor.
575 3992 608 4043 tlt
627 3993 705 4043 963:
727 4000 758 4045 tn
777 4010 898 4059 qaoque,
918 3998 947 4044 ei
956 3995 1018 4058 soi·
1061 3996 1163 4045 huiseet
1180 3993 1292 4042 ardores
1304 3996 1458 4055 nominare,
1481 4007 1512 4042 eo
1532 3993 1603 4058 quod

474 4078 534 4113 eum
552 4067 596 4111 eet
614 4067 742 4112 temerati
758 4066 858 4113 crimen
871 4067 953 4113 amici
964 4071 1015 4113 cet.
1060 4063 1106 4111 lete
1117 4062 1171 4112 XII
1181 4060 1350 4122 tabularum,
1373 4076 1409 4109 ete
1421 4076 1475 4127 pota
1494 4062 1526 4113 de
1538 4065 1602 4112 uili-

475 4130 528 4181 Hoc
547 4130 611 4181 illud
632 4138 672 4181 est
689 4132 722 4181 ah
735 4132 840 4183 Horatio
857 4132 883 4181 in
902 4138 1016 4182 extremo
1061 4132 1108 4181 hae
1120 4131 1229 4179 racemate
1248 4131 1319 4178 actio
1338 4135 1504 4195 conpeteret,
1523 4145 1602 4195 gene-

474 4215 550 4249 nersu
593 4199 771 4263 significatum.
828 4200 896 4250 idem
926 4198 1016 4250 Gallus
1059 4198 1159 4249 roliter
1177 4197 1488 4249 deurdorihueeucciaie
1510 4200 1602 4263 quue-

474 4268 590 4335 Aegypto
619 4268 765 4333 praefectus
795 4275 850 4318 tota
883 4268 1029 4334 prouincia·
1059 4271 1145 4317 retur.
1165 4264 1601 4319 PliniusNii.Xiiiil:citeriore

475 4343 574 4387 statuae
588 4351 647 4386 suas
660 4338 743 4403 posuit
756 4345 783 4387 et
793 4352 834 4388 res
845 4344 931 4398 gestas
941 4350 1017 4401 pyra·
1059 4334 1133 4401 apud
1155 4338 1261 4399 priscos
1283 4336 1472 4401 magnitudine
1497 4351 1600 4401 quoqne

474 4405 583 4455 midihus
602 4406 740 4471 inscripsit,
767 4404 886 4455 llioLlll
901 4404 943 4453 23.
969 4402 1015 4453 Hic
1059 4405 1489 4456 interorhcrsenumerahantor.
1514 4404 1601 4456 Sucro

475 4481 516 4523 est
540 4490 634 4523 caeeue
659 4490 738 4524 amor
760 4477 813 4522 eni.
853 4470 908 4521 Nou
932 4472 1016 4521 minus
1060 4472 1121 4522 uitis
1141 4473 1302 4537 nominatur,
1330 4474 1395 4540 quod
1416 4480 1457 4524 est
1476 4473 1501 4523 in
1519 4473 1601 4523 tutela

475 4541 549 4592 Gallo
563 4542 649 4592 nocuit
666 4540 792 4604 gloriandi
811 4540 962 4602 insolentia,
982 4529 1016 4589 'dc
1060 4541 1152 4591 Bacchi
1173 4542 1205 4591 ad
1226 4543 1338 4593 homines
1356 4542 1495 4605 iunaudos3
1521 4558 1548 4591 u.
1569 4543 1601 4591 ad

475 4626 523 4675 pua
543 4612 681 4673 diligenter
698 4624 713 4657 a
731 4609 810 4657 Dione
830 4608 848 4657 l.
863 4623 887 4657 c.
907 4608 1015 4658 relatum
1060 4627 1087 4660 u.
1100 4610 1127 4660 3.
1153 4610 1248 4661 Ennius
1262 4612 1372 4662 Charisii
1386 4611 1408 4661 ll
1424 4611 1454 4660 ts
1468 4611 1501 4659 22
1513 4625 1538 4675 p.
1551 4610 1600 4659 214

475 4686 524 4727 est.
545 4679 615 4728 Adde
630 4675 745 4726 Suetonii
757 4676 874 4739 tunso,
893 4676 931 4727 Eo
945 4678 1016 4727 uide·
1058 4679 1085 4729 in
1099 4680 1267 4731 Athamante:
1290 4682 1331 4731 bie
1348 4685 1411 4729 erat
1428 4682 1455 4728 in
1475 4693 1520 4729 ore
1533 4679 1602 4729 Bro-
