3884 5525
955 610 1093 663 donarit

671 781 702 847 di
718 784 816 846 multa
831 780 968 859 neglecti
984 780 1137 885 dedemnt

670 894 842 971 Hesperiae
856 894 938 955 mala
952 892 1128 955 luctuosae.

671 1051 732 1133 iarn
748 1049 797 1109 bis
812 1044 960 1109 Moneses
977 1050 1008 1107 et
1022 1043 1135 1108 Pacori
1151 1060 1264 1107 manus
1294 1116 1299 1119 ,

672 1174 734 1222 non
751 1158 928 1235 auspicatos
944 1157 1087 1218 contudit
1102 1156 1238 1232 impetus

674 1275 799 1333 nostros
815 1274 847 1331 et
862 1268 1015 1330 adiecisse
1029 1267 1175 1343 praedam

672 1381 836 1457 torquibus
852 1374 978 1457 exiguis
994 1378 1128 1440 renidet.

673 1548 771 1611 paene
787 1537 966 1609 occupatam
984 1530 1189 1593 seditionibus

675 1644 791 1705 deleuit
806 1645 912 1705 urbem
929 1640 1035 1705 Dacus
1050 1646 1082 1703 et
1094 1641 1256 1717 Aethiops,

536 1868 561 1917 l.
581 1866 623 1916 Dii
635 1866 717 1929 ben,
737 1881 790 1915 noo
803 1868 836 1917 A.
954 1866 980 1916 8.
1000 1865 1140 1931 hesperiae
1152 1864 1186 1915 B.
1300 1864 1326 1915 9.
1346 1879 1462 1913 moneses
1475 1864 1596 1929 perr

466 1934 524 1995 rte:
544 1936 655 1986 monasio
668 1935 759 1999 Aliger
772 1934 912 1984 Blandinli
922 1934 1075 1999 (Cruquc'as
1088 1950 1123 1983 esc
1135 1933 1290 1997 Blandlrta'ia
1303 1936 1387 2001 offert
1396 1930 1546 1996 Mounesis).

469 2004 579 2053 10-11.
600 2020 648 2053 non
662 2004 808 2069 auspicatos
819 2030 853 2039 -
866 2010 966 2053 nostros
979 2002 1136 2052 Ρνίεσίαηιιε
1147 2000 1174 2051 Χ
1185 2003 1201 2051 4
1214 2002 1258 2069 25.
1372 2002 1414 2051 1b.
1432 1999 1489 2050 Non
1508 2000 1596 2067 auspi-

467 2079 540 2121 catos
552 2071 682 2138 BGHgto:
706 2072 863 2137 iarrspicatos
876 2072 915 2135 A,
943 2070 1116 2136 inauspicatos
1131 2086 1156 2129 ς.
1271 2070 1313 2121 11.
1333 2070 1436 2136 predam
1451 2069 1482 2122 d.

466 2156 494 2190 a.
513 2140 623 2190 11-13.
644 2157 687 2191 om
700 2142 734 2191 A.
842 2140 883 2189 ta.
904 2138 989 2190 Poene
1001 2140 1063 2202 BH,
1084 2138 1152 2189 Peue
1166 2137 1198 2191 G.
1269 2147 1418 2204 occupatum
1427 2139 1509 2204 er.

466 2209 638 2259 sedicionibus
646 2210 679 2259 H.
769 2209 810 2260 11.
831 2208 929 2275 ethiops
941 2212 1065 2275 coempto
1077 2207 1101 2259 rl
1114 2210 1189 2272 (nom
1201 2209 1307 2274 reliqua
1321 2207 1421 2259 15-48
1434 2205 1551 2271 omittit)
1558 2206 1594 2271 A,

466 2278 573 2345 ethyops
588 2277 618 2342 G,
641 2278 722 2329 ethios
732 2294 768 2344 pr
776 2278 809 2329 H.

465 2519 589 2585 ploranda
601 2526 656 2585 est,
677 2526 813 2585 antequam
831 2518 954 2585 incipias,
975 2516 1008 2569 ad
1052 2525 1137 2569 autern
1160 2516 1269 2568 Parthos
1299 2518 1430 2567 rettulisse
1459 2517 1491 2567 de
1521 2517 1595 2568 nohis

466 2588 527 2639 deos
546 2588 635 2639 lelices
654 2604 739 2638 rerum
757 2604 890 2638 successus
910 2586 1008 2638 referre
1051 2587 1187 2639 uictoriam
1200 2586 1281 2650 dixit,
1300 2586 1359 2651 quia
1377 2594 1403 2636 et
1415 2584 1537 2636 Crassum
1552 2602 1596 2636 an-

466 2658 550 2711 decat.
569 2656 606 2707 Ite
619 2658 704 2707 uocati
718 2658 898 2723 pinguescente
911 2658 1008 2707 innoc.
1052 2664 1096 2706 tea
1119 2662 1147 2707 et
1170 2664 1223 2705 tum
1247 2654 1352 2704 Decium
1372 2649 1484 2705 Sextnm’
1507 2654 1596 2720 (Deci-

463 2728 630 2792 prlnclpt'om
643 2724 677 2777 cl.
693 2727 724 2776 ad
738 2724 771 2777 ill
785 2727 800 2776 4
813 2726 869 2777 41.·
1053 2726 1121 2776 dium
1140 2724 1248 2787 Saxam)
1263 2718 1331 2774 ‘cam
1351 2723 1510 2774 exercitibus
1529 2724 1597 2774 occi-

518 2797 544 2845 l.
563 2796 697 2860 neglecti:
717 2795 782 2860 quod
803 2794 912 2858 neglecti
932 2800 1008 2857 sunt;
1054 2788 1162 2844 derant'.
1178 2793 1349 2843 Ponrnrnrou.
1373 2793 1494 2859 Auspicia
1511 2793 1596 2843 iulan-

466 2861 499 2912 lll
513 2863 527 2912 2
542 2863 589 2913 30:
610 2865 747 2930 Diespiter
759 2864 904 2929 neglectos.
1053 2870 1095 2913 sta
1115 2863 1204 2912 hahuit
1222 2869 1248 2911 et
1267 2863 1420 2926 contempsit
1436 2877 1501 2910 unus
1519 2861 1595 2912 Cras·

519 2933 607 2985 7—8.
636 2933 725 2982 maella
744 2933 837 2981 mola:
862 2938 920 2980 sunt
941 2929 1010 2980 mala
1053 2947 1111 2993 sus,
1132 2939 1160 2980 ut
1179 2930 1296 2980 referunt
1314 2930 1452 2995 scriptores
1472 2937 1531 2980 ante
1551 2946 1596 2978 no·

466 2999 590 3050 bellorum
603 3000 728 3050 ciuilium.
748 2999 817 3050 Haec
831 3007 892 3050 nata
905 3005 964 3048 sunt
977 3013 1010 3047 ex
1052 2999 1141 3048 minati
1154 3006 1180 3049 et
1193 2998 1284 3048 Cicero
1298 2999 1328 3048 do
1339 2997 1455 3048 Diuinat.
1470 2997 1479 3046 l
1495 2999 1536 3061 16,
1550 2999 1595 3048 sed

465 3068 637 3118 irrenereutia
650 3069 764 3117 deorum.
1052 3067 1174 3116 Horatius
1193 3083 1238 3132 pro
1257 3083 1303 3116 suo
1318 3067 1426 3116 consilio
1440 3067 1487 3116 hoc
1499 3068 1595 3132 posuit,

519 3135 626 3193 9711.
651 3139 706 3184 lam
726 3136 943 3200 dia-impetus
962 3147 1009 3183 no·
1053 3137 1131 3185 etiam
1148 3134 1251 3183 Antonii
1271 3135 1356 3201 legato
1377 3135 1492 3185 inlausta
1510 3137 1596 3200 auspi-

464 3207 556 3252 stros:
576 3201 713 3264 Monesen,
734 3201 857 3251 uictorem
874 3201 963 3251 Crassi
982 3216 1006 3251 a.
1052 3203 1094 3253 cia
1105 3203 1191 3252 oblata
1205 3211 1231 3252 et
1242 3205 1347 3268 perinde
1364 3204 1479 3269 neglecta
1492 3219 1559 3254 csse.

466 3269 535 3326 701,-
551 3270 661 3320 muneris
675 3269 826 3334 honorisque
846 3269 1010 3319 uomineSu·
1106 3271 1234 3321 11-12.
1261 3271 1391 3322 adiecisse
1415 3299 1449 3310 -
1473 3273 1594 3323 renidet:

464 3352 559 3388 renum
584 3336 631 3386 Dio
658 3337 763 3387 Cassius
792 3337 932 3402 appellauit
961 3336 1008 3388 XL
1052 3341 1163 3389 hostium
1182 3339 1334 3390 Parthorum
1354 3341 1385 3390 oh
1405 3349 1503 3406 partam
1521 3357 1596 3407 prae·

467 3405 596 3468 16-27,
618 3406 678 3467 item
696 3405 850 3455 Plutarchus
867 3405 893 3455 in
913 3404 1008 3458 Crasso
1053 3408 1110 3458 dam
1123 3409 1192 3458 risus
1205 3416 1232 3458 et
1249 3410 1367 3473 gaudium
1386 3418 1525 3474 memorat,
1546 3427 1594 3475 qno

466 3473 528 3522 cll
553 3481 579 3523 et
599 3475 702 3540 saepius
719 3490 742 3524 c.
759 3474 893 3537 28—33‚
914 3473 1008 3524 Strabo
1052 3479 1134 3540 magis
1159 3479 1313 3528 contumelia
1337 3477 1506 3529 Romanorum
1537 3494 1595 3543 per-

465 3540 525 3592 xvi
542 3543 642 3607 1523,
663 3543 754 3592 Florus
769 3542 803 3592 ill
818 3543 847 3593 11
862 3543 893 3606 8,
913 3541 1009 3592 Eutro-
1052 3546 1185 3610 spiciatur.
1216 3543 1326 3596 Fallitur
1348 3548 1448 3596 Acron:
1466 3543 1592 3610 ‘ressidet

464 3611 521 3676 pius
541 3609 574 3661 Vl
597 3611 639 3662 18.
667 3612 781 3662 Historia
803 3610 919 3662 Parthica
943 3627 1008 3677 quae
1052 3614 1184 3680 splendet,
1204 3616 1313 3680 eoquod
1326 3617 1438 3681 reparati
1452 3623 1556 3679 torques
1569 3623 1595 3666 et

465 3695 554 3762 acumen
567 3679 674 3766 Appiani
688 3679 817 3763 praefert:
836 3675 900 3762 otidl
911 3669 1009 3764 γόιξῆζι
1051 3685 1162 3732 maiores
1176 3682 1238 3733 iacti
1251 3684 1305 3749 ipsa
1319 3686 1433 3733 nouitate
1446 3678 1593 3746 luigerent’.

465 3749 1008 3888 ttbbldtthdltttd‘allli
1051 3751 1596 3884 mli..illlldltzlltllh.tt.

463 3885 577 3950 βασιλέα
597 3881 733 3954 δεύτερος,
753 3881 862 3950 νεότητι
875 3880 1005 3938 τῶνκαθ’
1050 3887 1131 3937 Marci
1150 3887 1254 3936 Antonii
1272 3893 1299 3934 et
1318 3885 1452 3934 Octauiani
1472 3884 1593 3939 Caesaris

465 3948 549 4004 αὑτὸν
566 3953 597 4004 ἐν
616 3949 747 4021 Πάρθοις
765 3953 883 4024 πρῶτος.
910 3954 1007 4006 Nomen
1050 3956 1077 4004 in
1090 3955 1158 4005 hello
1171 3953 1292 4004 rictiaco:
1317 3955 1593 4006 namtnucorbister-

464 4023 559 4082 gentile
578 4024 635 4072 eius
655 4025 698 4088 qui
718 4023 839 4074 Crassum
858 4024 922 4074 uicit
942 4038 1007 4073 unus
1050 4038 1135 4072 rarum
1154 4023 1251 4084 ingenti
1271 4021 1397 4072 seditione
1417 4023 1443 4072 in
1459 4023 1523 4073 duas
1534 4041 1593 4090 par-

464 4089 586 4140 Horatius
611 4091 684 4142 nohis
713 4093 833 4158 prodidit.
869 4092 1007 4156 Postquam
1049 4099 1089 4140 tes
1102 4089 1231 4140 discessit.
1257 4089 1284 4139 ln
1300 4091 1591 4144 eodiscriminenrhem

464 4157 588 4207 Surenam
596 4159 651 4208 sine
658 4159 780 4211 Monesen
789 4161 886 4211 Orodes
893 4175 939 4210 rex
946 4159 1008 4208 Par·
1049 4173 1128 4223 paene
1141 4157 1237 4207 deleuit
1248 4158 1357 4223 Dacus,
1380 4158 1442 4211 all.
1458 4161 1551 4212 Crasso
1565 4178 1589 4213 a.

463 4226 564 4274 thorum
585 4227 717 4279 interiecit
737 4229 899 4294 (Plutarchus
918 4225 1004 4276 Crass.
1049 4227 1099 4276 724
1120 4234 1147 4276 et
1159 4226 1208 4275 725
1228 4226 1347 4278 deuictus
1360 4228 1419 4291 (Dio
1433 4228 1465 4278 tl
1478 4230 1526 4293 23,
1547 4230 1591 4279 Li·
1612 4257 1617 4270 ·

463 4309 487 4343 c.
496 4294 528 4342 33
542 4295 634 4358 exim),
653 4296 732 4346 lilium
744 4291 892 4357 Pacorum,
913 4295 1007 4358 proba·
1048 4295 1108 4344 nius
1115 4294 1184 4359 epit.
1193 4294 1253 4359 134,
1264 4294 1355 4346 Florus
1365 4296 1411 4347 llll
1425 4297 1589 4361 1213-17),

398 4388 401 4394 ·
463 4369 506 4410 tae
517 4361 676 4414 fortitudinis
686 4365 784 4428 ducem,
798 4361 923 4414 exercitui
933 4377 1007 4426 prae·
1049 4367 1126 4427 atque
1138 4364 1288 4429 Aethiops,
1306 4365 1332 4415 h.
1347 4381 1371 4416 e.
1392 4367 1521 4417 exercitus
1542 4368 1591 4417 Ae-

464 4429 536 4480 lecit.
552 4430 625 4496 lsqne
635 4430 739 4481 Antonii
751 4433 862 4494 legatum
873 4430 1006 4480 Decidium
1049 4431 1152 4498 gyptius
1175 4447 1192 4482 a
1209 4433 1349 4500 Cleopatra
1372 4435 1497 4486 aduersus
1515 4434 1591 4485 Octa·

463 4497 557 4548 Saxam
575 4515 631 4550 cum
649 4500 792 4562 legionibus
809 4499 874 4548 ludit
886 4505 913 4548 ct
925 4498 1007 4547 inten-
1049 4501 1152 4551 uiannm
1165 4501 1192 4550 in
1205 4502 1285 4553 aciem
1299 4503 1432 4553 deductus.
1639 4536 1641 4539 -

463 4566 525 4616 ernit
549 4582 574 4616 a.
589 4569 648 4617 tlt.
683 4567 730 4615 Dio
750 4565 858 4617 xtvlll
876 4566 1004 4616 nar-26.
1088 4566 1145 4620 15.
1171 4572 1508 4638 liccloaaesormidatua:
1526 4572 1591 4622 dicit

462 4631 580 4684 Velleius
592 4635 616 4685 ll
629 4635 671 4685 18.
689 4633 779 4685 Liuius
792 4633 862 4702 Epit.
878 4635 938 4686 127.
955 4630 1006 4686 ‘bis
1049 4638 1158 4690 classem
1182 4639 1354 4706 Cleopatrae,
1380 4656 1453 4705 qnam
1478 4640 1535 4707 ipsa
1557 4655 1590 4690 ex
