3884 5525
955 630 1093 685 donarii

664 784 788 881 ‘gaudes
804 802 1016 881 carminibus3
1034 802 1174 867 carmina
1189 816 1359 878 possumus

669 916 787 979 donare
802 918 835 975 et
849 914 983 991 pretium
1000 914 1103 977 dicere
1118 914 1252 977 muneri.

669 1041 731 1089 non
747 1025 847 1087 incisa
862 1026 945 1087 notis
960 1039 1117 1089 rnarsnera
1132 1024 1278 1101 puhlicis,

667 1153 724 1215 per
738 1152 818 1213 uuae
832 1136 963 1213 spiritus
978 1141 1012 1197 et
1026 1137 1094 1199 uita
1108 1136 1191 1199 redit
1201 1112 1294 1201 'honis

665 1252 882 1323 postmortem
899 1248 1042 1325 ducibus,
1060 1262 1123 1311 nou
1139 1247 1258 1309 celeres
1274 1247 1371 1323 lugae

669 1359 864 1435 reiectaeque
879 1363 1054 1421 retrorsum
1070 1357 1254 1421 Hannibalis
1269 1358 1384 1435 ramae,

668 1484 731 1533 non
745 1470 889 1533 incendia
903 1443 1108 1546 Karthaginis
1123 1469 1237 1546 inpiae,

668 1581 737 1643 eius
752 1582 806 1657 oui
822 1582 937 1644 domita
953 1596 1067 1645 nomen
1082 1582 1122 1643 ah
1135 1579 1248 1643 Africa

530 1696 569 1785 it.
599 1734 681 1801 pciurri
697 1735 778 1787 BGH.
856 1736 954 1786 muneri
973 1734 1111 1799 Arrago
1129 1735 1286 1785 Blendioa‘a':
1316 1734 1429 1796 muneris
1449 1750 1477 1795 ς.

460 1804 501 1855 16.
518 1802 643 1873 Heieeteq'
653 1804 685 1867 H,
701 1805 831 1870 eiectoque
843 1804 864 1855 G
876 1805 937 1870 (qui
948 1794 1070 1855 initiales
1083 1804 1191 1856 litteras
1205 1803 1331 1869 omittit).
1438 1802 1482 1853 17.
1500 1801 1590 1853 taru-

457 1873 525 1938 ginis
534 1874 568 1939 A,
587 1874 747 1937 carthaginis
762 1874 812 1939 Gg,
831 1874 970 1938 cartaginis
980 1873 1037 1923 BH.
1108 1872 1202 1939 impiae
1214 1875 1274 1923 mci.
1378 1870 1421 1924 ts.
1442 1870 1532 1924 affrica
1540 1870 1574 1923 B.

458 2068 602 2121 huiusmodi
626 2069 693 2121 dona
723 2068 872 2132 desideres,
900 2068 999 2119 animus
1042 2074 1132 2133 scunt,
1157 2069 1230 2121 benis
1254 2067 1378 2132 ducibus,
1398 2067 1481 2133 qualis
1501 2065 1587 2132 Scipio

458 2132 572 2205 (θυμός)
585 2138 617 2189 ad
629 2138 825 2189 contemnendae
838 2137 944 2189 delicias
955 2153 1001 2189 na·
1041 2136 1106 2199 init,
1126 2138 1180 2190 nita
1199 2144 1258 2203 post
1275 2144 1381 2189 mortens
1397 2137 1423 2187 is
1435 2152 1480 2187 ora
1492 2144 1519 2186 et
1532 2136 1589 2186 nai-

347 2226 351 2235 ’
457 2207 535 2259 lidus.
1041 2206 1232 2257 wistremirum
1249 2206 1327 2257 redit.
1354 2204 1492 2270 Epitheton
1512 2206 1588 2264 bouis

512 2275 554 2325 11.
573 2275 678 2340 gaudes
696 2276 878 2327 carminibus:
897 2283 1001 2342 optasse
1041 2275 1259 2339 unletsorta‘bua5
1277 2274 1313 2325 ci.
1330 2274 1375 2325 llll
1389 2275 1405 2323 b
1418 2275 1434 2324 b
1447 2280 1475 2325 et
1486 2274 1531 2325 37.

457 2343 641 2407 Censorinum,
660 2351 689 2394 nt
707 2358 809 2395 carmen
826 2343 947 2397 Horatius
967 2345 999 2397 ad
1095 2344 1206 2409 to-lti.
1220 2360 1273 2395 aaa
1287 2343 1589 2407 erbressugas-ass'-

456 2428 513 2465 euna
526 2413 649 2475 mitteret,
664 2412 721 2463 binc
736 2412 795 2463 licet
808 2414 942 2477 colligere.
1040 2428 1106 2463 aas:
1126 2414 1235 2465 alterurn
1254 2427 1304 2477 qno
1322 2410 1449 2477 Scipionis
1470 2426 1514 2462 rea
1534 2427 1589 2463 me

510 2482 620 2533 13-20.
640 2480 771 2547 Proposito
789 2480 915 2547 Scipionis
927 2482 1001 2535 Airi—
1041 2482 1138 2533 moriae
1168 2482 1296 2533 bominum
1322 2480 1510 2545 infigebantnr,
1538 2480 1588 2530 boc

455 2550 756 2617 caniesaroplopretiuro
766 2551 999 2615 poematnmarnico
1041 2548 1108 2614 init,
1134 2552 1200 2615 qnod
1223 2549 1350 2601 Hannibal
1375 2548 1446 2599 illins
1469 2549 1588 2599 consiliis

455 2620 581 2681 declarat,
595 2634 624 2669 eo
638 2620 703 2684 qood
717 2620 829 2671 ostendit
841 2621 873 2673 ad
890 2621 1000 2687 prodeo·
1041 2620 1211 2685 operibusque
1230 2635 1262 2670 ax
1275 2618 1353 2671 italis
1371 2617 1461 2683 ingere
1477 2618 1588 2668 adactos

455 2688 512 2741 dara
524 2689 609 2751 nogat
622 2688 670 2739 uiri
684 2688 791 2753 gloriam
801 2704 892 2741 uersus
902 2690 1000 2741 ceteris
1040 2695 1088 2739 eat.
1101 2688 1171 2739 liaeo
1181 2688 1250 2753 inge,
1260 2688 1360 2738 ciuibus
1370 2686 1490 2739 Romanis
1500 2702 1589 2751 quarn·

455 2758 532 2810 rebus
545 2756 700 2810 eliieaciores
713 2773 780 2810 esse.
1039 2758 1081 2808 uis
1093 2757 1254 2823 gratissima,
1274 2756 1382 2822 gloriam
1395 2755 1525 2821 Scipionis
1536 2771 1586 2807 non

508 2828 631 2878 13-15.
655 2842 707 2877 uon
725 2830 811 2877 ineisa
825 2853 856 2864 -
871 2826 999 2881 ducibus:
1039 2833 1092 2878 tarn
1113 2827 1221 2878 drnritcr
1241 2826 1372 2892 inpressit
1392 2826 1484 2876 animis
1506 2825 1586 2876 boni-

456 2911 504 2946 uon
529 2903 615 2947 statua
640 2911 696 2946 cunr
720 2896 803 2958 elogio
827 2895 854 2944 in
876 2895 996 2946 bonorem
1040 2911 1099 2946 num
1122 2911 1199 2960 quana
1221 2911 1314 2946 nemus
1338 2893 1427 2945 Ennii.
1458 2892 1586 2944 Numeros

454 2966 547 3016 mortui
567 2965 638 3016 ducis
656 2965 803 3030 positatarn
816 2964 887 3016 clare
901 2964 998 3016 indicat
1039 2965 1212 3018 multitudinis
1224 2965 1316 3030 fugae
1338 2963 1431 3029 poetici
1456 2963 1584 3014 sermonis
1624 2966 1629 2975 '

454 3033 545 3084 laudes
569 3033 700 3096 (gloriam)
723 3049 797 3099 qnam
822 3047 909 3098 poema
956 3033 997 3084 ah
1039 3040 1080 3084 eat
1091 3041 1118 3083 et
1130 3033 1211 3086 osaois
1223 3033 1354 3085 exereitus
1366 3031 1452 3096 ingen
1465 3038 1549 3082 notat.

439 3135 441 3140 ,
454 3101 501 3152 boo
513 3117 590 3154 uersu
603 3117 682 3166 nsque
694 3102 726 3152 sd
737 3103 768 3151 27
780 3108 901 3166 quattuor
910 3117 997 3154 exera-
1092 3103 1132 3152 lti.
1153 3107 1322 3167 reiectaeque
1334 3127 1369 3138 -
1378 3104 1484 3152 minos:
1502 3101 1535 3152 de
1546 3100 1586 3150 di·

453 3171 493 3234 pla
507 3177 664 3234 promuntur,
680 3171 770 3234 ouibus
782 3171 897 3235 potentia
908 3178 997 3234 poeta·
1038 3171 1088 3221 etis
1099 3171 1257 3222 minantibus
1270 3187 1301 3220 oe
1313 3170 1427 3233 ocgiteaa
1441 3169 1519 3219 imaro
1529 3169 1585 3235 ipsa

391 3285 394 3292 ,
454 3253 509 3288 rura
523 3238 726 3299 demonstreturg
745 3239 785 3288 his
804 3237 885 3288 linitis
897 3233 996 3307 γνώμη
1040 3237 1192 3291 Hannibalis
1204 3240 1229 3289 io
1245 3239 1345 3290 italiana
1358 3237 1584 3305 expeditionibus

361 3335 363 3348 ·
452 3305 578 3356 subicitur
590 3304 649 3356 inde
659 3305 768 3358 collecta
780 3323 807 3356 u.
818 3305 866 3356 28:
883 3306 996 3370 dignum
1038 3307 1150 3359 inerant.
1176 3307 1211 3358 Vt
1234 3309 1279 3359 ille
1300 3308 1378 3374 Alpes
1400 3322 1583 3372 supergressus

453 3375 643 3424 laudunicam
657 3373 735 3424 Musa
751 3377 921 3426 uetatmori.
940 3375 997 3428 Pri·
1037 3377 1063 3428 iu
1088 3376 1188 3428 ltaliam
1212 3377 1326 3440 inuasit,
1347 3376 1384 3428 sic
1402 3375 1488 3440 Scipio
1512 3391 1582 3428 mare

451 3457 518 3496 mum
537 3449 578 3492 est
593 3441 739 3507 Scipionis3
758 3444 782 3493 ei
803 3450 889 3495 statua
910 3446 996 3511 posita
1037 3446 1147 3498 uredinis
1167 3455 1344 3510 transgressus
1367 3445 1392 3495 in
1411 3444 1526 3495 Africana
1551 3460 1584 3496 ex

452 3518 509 3562 aral
522 3510 636 3574 Literni,
656 3511 740 3562 alteru
761 3520 820 3562 ante
833 3520 932 3578 portam
945 3514 996 3566 Ca·
1038 3515 1163 3580 Hispania
1185 3515 1277 3580 irrupit
1301 3521 1328 3566 et
1351 3513 1446 3566 infeste
1466 3513 1583 3565 asscita

451 3595 551 3646 penam.
582 3579 673 3632 Liuias
699 3579 835 3632 XXXVlll
865 3582 913 3634 562
945 3584 999 3634 alia·
1038 3581 1297 3646 Karthaginiensibus
1316 3582 1427 3634 minatus
1446 3589 1496 3632 cst.
1528 3581 1583 3632 Hae

450 3649 564 3712 Hamae,
586 3649 636 3702 atto·
648 3649 757 3702 Literni
771 3658 801 3706 ‚ot
812 3657 953 3703 mortuum
966 3658 993 3704 ei
1037 3660 1098 3704 snut
1116 3654 1230 3704 reiectae
1250 3651 1400 3704 Hannibalis
1418 3651 1520 3710 minues
1540 3667 1583 3702 re·

450 3719 605 3784 sepultumg
641 3720 785 3784 utrobique
819 3726 994 3772 monumenta
1037 3727 1158 3772 ireseum
1176 3729 1217 3772 eat
1231 3717 1269 3770 ‘in
1286 3728 1361 3784 terga
1380 3719 1534 3770 Hannibalis
1555 3719 1581 3770 ia

451 3787 634 3840 ostenduntur
645 3793 812 3840 statuturo.-
831 3805 895 3840 aum
908 3795 935 3840 et
948 3791 994 3842 La'-
1036 3789 1112 3842 ltalia
1131 3791 1224 3844 bellurn
1237 3783 1369 3853 gerentis',
1390 3789 1416 3838 b.
1431 3804 1455 3839 e.
1470 3788 1497 3836 io
1512 3787 1582 3838 atri-

451 3860 525 3906 terna'
543 3862 746 3910 mouumentum
769 3864 995 3924 monumentoque
1035 3875 1102 3910 caua.
1122 3859 1214 3910 ltaliae
1227 3859 1341 3910 beminen
1352 3857 1414 3907 belii
1427 3863 1498 3908 metu
1510 3857 1582 3907 labo-

450 3930 546 3976 atatuo
576 3929 787 3992 aupeaa‘mpoas‘te
805 3926 884 3990 suit,
910 3943 993 3992 quum
1035 3927 1156 3992 ribosqne
1177 3927 1261 3978 subito
1283 3926 1363 3978 leuati
1388 3940 1493 3976 sensere
1519 3925 1582 3991 qnid

450 3998 609 4057 tempestate
623 3994 752 4046 deiectam
770 4009 857 4059 aupes·
875 3995 993 4046 uidimus
1034 4003 1121 4062 posset
1138 3997 1222 4047 cirtae
1241 3995 1383 4061 Scipionisr
1406 4009 1497 4046 nerana
1517 3995 1582 4044 haee

449 4063 519 4126 speia
543 4061 691 4115 ebdomas
709 4069 790 4114 estana
807 4069 920 4129 portam
942 4063 993 4116 Co·
1035 4065 1157 4116 memoris
1176 4081 1226 4115 non
1243 4071 1296 4114 tana
1314 4065 1388 4114 flama
1399 4069 1446 4113 aut
1457 4063 1581 4113 diuturna

446 4145 545 4194 penam
573 4133 602 4180 sis
630 4130 788 4196 Scipionum
816 4138 992 4184 monumento
1035 4132 1100 4197 tois,
1119 4149 1194 4198 quam
1210 4133 1333 4184 anemoria
1352 4130 1482 4197 Scipionis
1503 4131 1581 4182 Ennii

449 4204 505 4248 tres
528 4202 642 4250 stabiae
669 4206 750 4264 suat,
776 4216 892 4266 quorum
921 4199 993 4252 duae
1034 4202 1154 4254 uersibus
1166 4202 1290 4254 stabilita.
1311 4201 1355 4252 Sic
1373 4200 1506 4251 tollendae
1522 4207 1582 4252 snat

450 4266 540 4318 Publii
557 4271 585 4318 et
597 4266 676 4320 Lusii
688 4267 842 4336 Scipionum
860 4269 992 4321 dicuntur
1034 4271 1189 4336 suspitiooes
1202 4271 1340 4322 aduersam
1353 4270 1416 4320 baec
1429 4271 1579 4334 etproxirna

449 4350 514 4396 uss,
529 4338 722 4400 tertiapeatae
735 4337 831 4403 Quinta·
841 4337 933 4390 Ennii.
1032 4339 1166 4401 (is-ta
1201 4355 1253 4391 asoa
1285 4340 1385 4391 celeres
1402 4364 1438 4378 -·
1454 4339 1580 4389 lucam

501 4403 543 4454 ta.
571 4405 703 4470 publicis:
734 4405 833 4471 publice
865 4404 940 4456 iactis
964 4413 992 4458 et
1032 4408 1130 4472 rediit)
1144 4409 1251 4473 primunr
1264 4424 1280 4460 s
1293 4406 1409 4460 Bentleio
1425 4407 1579 4470 suscitatae,

387 4515 393 4522 .
447 4471 597 4538 subscriptis
609 4473 636 4524 in
647 4473 704 4527 basi
716 4481 868 4527 statuarum.
1032 4490 1091 4527 mex
1115 4477 1147 4526 ab
1170 4477 1232 4528 aliis
1254 4485 1364 4540 anema,
1390 4476 1539 4526 nominatim
1563 4489 1578 4526 a

501 4541 623 4590 14-15.
647 4556 698 4606 pes·
715 4557 784 4606 quos
802 4569 837 4579 -
856 4542 987 4596 duottua:
1032 4544 1195 4596 Lachmaane
1207 4553 1234 4597 st
1246 4547 1308 4597 alibi
1321 4553 1348 4598 et
1359 4545 1386 4594 in
1398 4545 1481 4612 priano
1493 4543 1579 4594 Pbilo-

445 4606 503 4658 duan
524 4610 620 4673 posteri
646 4609 737 4662 iaciens
762 4609 939 4663 detunctorum
962 4611 988 4662 in
1031 4613 1084 4678 logi
1098 4615 1227 4666 uolumina
1240 4631 1265 4681 p.
1277 4615 1336 4666 164.
1363 4667 1370 4680 ,

445 4681 549 4739 statua,
575 4691 617 4726 res
640 4684 726 4741 gestas
750 4679 775 4728 in
801 4679 885 4744 elogio
910 4696 989 4746 agno-
1085 4682 1126 4732 ii.
1143 4684 1499 4748 nominecondita-irapinas
1514 4679 1577 4732 liar
