3884 5525
479 671 581 713 xxxvl
790 692 794 701 ·
834 692 840 701 ·
911 659 1177 725 credederunt.

480 816 694 901 bongarsianis
710 838 740 879 n.
758 818 797 879 21
815 825 953 891 notatus,
978 834 1018 878 ex
1033 824 1139 877 uetere
1154 812 1225 877 sede
1246 814 1420 879 monasterii
1436 815 1609 879 Floriateu·

481 926 524 989 sis
536 926 664 988 Bernnm
678 924 767 1005 longo
782 923 891 985 itinere
906 920 1083 996 translatus,
1106 921 1199 983 lcrmu
1214 920 1359 999 maxima,
1372 921 1465 985 nitide
1481 922 1611 1005 scriptus

482 1043 513 1094 et
532 1032 642 1115 optime
664 1039 849 1095 asseruntus.
875 1028 971 1091 llabet
992 1027 1125 1089 ordinem
1149 1026 1326 1108 scriptorum
1351 1027 1467 1089 Horatii
1490 1028 1540 1110 qui
1565 1039 1613 1121 est

482 1137 753 1201 uetustissimorum
776 1134 936 1197 librorum:
958 1131 1134 1209 Carmine,
1160 1128 1229 1195 Ars
1246 1136 1392 1215 poetice,
1417 1134 1525 1218 Epodi
1544 1156 1611 1197 euru

481 1246 620 1308 cartulae
632 1242 804 1317 succulum,
822 1240 1006 1323 Epistulae,
1025 1236 1202 1301 Sermones,
1228 1237 1349 1301 Scholia
1365 1239 1453 1303 offert
1468 1260 1559 1323 usque
1574 1242 1610 1303 ad

484 1349 584 1414 Carm.
602 1349 662 1424 18,
689 1359 749 1410 tum
771 1355 936 1427 sequnntur
957 1344 1114 1407 breuiores
1135 1344 1305 1409 notationes
1327 1346 1356 1407 in
1380 1346 1525 1429 principio
1547 1368 1612 1411 ear-

477 1458 607 1536 ¹minum,
624 1465 744 1517 ueteres
760 1462 791 1514 et
805 1450 966 1535 diligenter
980 1450 1220 1532 scriptaeusque
1236 1451 1270 1513 ad
1287 1450 1387 1513 Carm.
1403 1452 1428 1514 ll
1447 1456 1498 1530 17,
1516 1452 1613 1517 altera

482 1561 624 1625 manu'ad
639 1558 804 1641 marginem
819 1556 940 1641 positae
950 1554 981 1617 in
997 1564 1098 1619 cetera
1114 1554 1183 1617 libri
1199 1567 1294 1637 parte,
1310 1578 1435 1638 quarum
1451 1559 1613 1621 nonnullae

483 1667 629 1730 nunninae
644 1676 674 1729 et
693 1666 729 1728 ad
752 1664 907 1747 legendum
930 1660 1062 1723 difficiles
1084 1671 1164 1723 sunt.
1191 1661 1272 1740 Quod
1285 1661 1399 1725 rSinner
1422 1662 1452 1724 in
1475 1662 1612 1748 catalogo

484 1774 638 1847 narrauit,
660 1764 715 1831 ‘bi'
732 1770 920 1851 (Sermones)
939 1760 1050 1827 ‘mutili
1072 1777 1142 1831 sunt
1163 1787 1180 1829 a
1204 1768 1300 1829 medio
1322 1766 1438 1831 Satirae
1453 1760 1550 1846 Vlll'‚
1568 1770 1614 1831 ni-

484 1878 575 1940 minm
591 1887 648 1940 est.
675 1876 812 1937 Currere
826 1893 937 1935 nerem
952 1870 1182 1949 desiderentur,
1201 1894 1256 1935 suo
1272 1872 1338 1937 loco
1354 1874 1536 1958 explicatum
1552 1886 1610 1939 est.

485 1982 619 2043 Contulit
633 1980 782 2055 Orellius‚
806 1978 860 2041 sed
876 1988 908 2041 ut
927 1976 1062 2055 solebat,
1089 1999 1192 2061 parum
1217 1978 1476 2065 diligenter2ego
1490 1964 1613 2047 excussi

483 2110 513 2150 a.
535 2088 628 2149 1850.

569 2191 709 2273 Sequitur
730 2190 836 2253 codex·
848 2190 1021 2254 monasterii
1040 2190 1279 2277 Sangallensis,
1302 2195 1422 2257 saeculo
1445 2194 1558 2257 decimo
1582 2194 1614 2257 in

483 2298 654 2360 membrana
669 2296 817 2380 scriptus,
842 2298 937 2361 lorica
952 2298 1101 2380 oblonga,
1125 2299 1155 2360 iu
1173 2298 1316 2382 Catalogo
1339 2300 1535 2364 bibliothecae
1559 2322 1614 2363 nu-

379 2421 384 2429 *
484 2425 567 2467 mero
585 2405 646 2467 864
662 2403 823 2487 inscriptus
835 2416 869 2467 et
886 2406 959 2467 lalso
976 2406 1006 2467 in
1028 2404 1179 2467 soeculum
1196 2386 1387 2469 undecimum
1404 2408 1544 2480 reiectus,
1563 2406 1614 2487 qui

485 2510 765 2574 continetearmina
781 2510 926 2593 usquead
942 2509 995 2571 llll
1015 2514 1050 2573 11
1069 2512 1129 2589 343
1150 2532 1166 2573 a
1184 2531 1231 2573 me
1246 2512 1370 2575 collatus
1387 2524 1433 2575 est
1447 2536 1475 2575 a.
1497 2513 1590 2575 1850.

572 2617 617 2679 De
633 2616 721 2678 buius
736 2615 803 2679 libri
820 2626 924 2679 uetere
940 2618 1011 2681 sede
1028 2618 1102 2679 satis
1122 2616 1324 2679 memorabilia
1345 2618 1441 2681 relata
1461 2618 1563 2701 accepi
1584 2618 1615 2679 in

491 2721 626 2788 Coruum
650 2721 686 2786 S.
708 2722 797 2786 Gelli
820 2721 1063 2787 Continuutr'oue
1085 2724 1116 2802 I,
1149 2744 1234 2805 quam
1260 2724 1380 2806 scripsit
1402 2723 1615 2788 Elleborum

487 2831 554 2907 llll,
572 2843 660 2893 natus
676 2829 757 2893 cirea
772 2851 801 2891 a.
813 2831 888 2905 980,
912 2841 1047 2892 mortuus
1065 2828 1145 2892 circa
1164 2831 1257 2907 1036,
1274 2830 1366 2892 edidit
1380 2829 1558 2912 Ildffonsus
1574 2831 1614 2894 ol

485 2937 566 3002 Arse
585 2937 617 2998 in
638 2933 851 2998 Monumentt's
875 2936 1061 3000 Germaniae
1082 2935 1242 2998 historicis
1262 2935 1374 2998 Pertzii
1396 2945 1419 2997 t.
1443 2935 1467 2998 ll
1491 2957 1518 3018 p.
1541 2939 1613 2998 125.

486 3041 598 3104 Narrat
612 3041 809 3104 Elkebardus
824 3044 861 3104 ad
877 3043 1026 3105 ducissam
1044 3039 1191 3124 Hndwr'gr,
1217 3061 1292 3124 quae
1309 3042 1364 3104 luit
1380 3041 1476 3126 neptis
1492 3041 1615 3105 chrici

486 3145 568 3230 regis
590 3144 741 3229 Aucupis‚
770 3167 904 3229 quaeque
925 3147 992 3210 duci
1014 3146 1181 3210 Sueuorum
1208 3147 1278 3210 olim
1301 3159 1409 3232 nupta,
1435 3169 1507 3211 mox
1528 3147 1616 3210 uidua

487 3251 595 3314 Duellii
612 3251 833 3334 (Hobcntwiel)
849 3253 880 3314 iu
897 3251 1008 3315 Sueuia
1032 3251 1190 3330 habitauit,
1215 3253 1426 3317 Elkebardum
1443 3254 1487 3331 ll,
1513 3275 1615 3316 mona-

487 3356 573 3420 ebum
589 3356 831 3448 Sangallensem7
857 3357 1031 3440 magistrum
1055 3356 1091 3419 ab
1109 3357 1171 3441 ipsa
1189 3359 1243 3423 sibi
1261 3361 1404 3444 petitum,
1426 3361 1457 3422 in
1474 3359 1615 3422 Suebiam

488 3464 620 3528 uenisse.
647 3462 793 3526 Comitem
808 3463 942 3547 magistri
958 3463 1015 3536 sui,
1039 3483 1160 3547 puerum
1178 3464 1417 3544 Buroburdum,
1440 3487 1508 3530 cum
1523 3466 1614 3528 uidis-

487 3581 533 3632 set
550 3568 688 3653 Hadwig,
706 3570 751 3632 ed
763 3570 841 3654 quid
848 3592 931 3654 puer
945 3572 1000 3634 ille
1014 3573 1148 3650 uenerit,
1167 3575 1234 3656 virro
1252 3583 1376 3636 astante
1391 3575 1475 3635 inter
1490 3583 1616 3634 caetere

488 3678 655 3762 quaesiuit.
668 3669 820 3759 ‘Propter
836 3667 1070 3754 Grueezbmuru'‚
1087 3679 1142 3740 ille
1158 3681 1216 3767 ult,
1230 3672 1369 3742 ‘domr'nu
1384 3681 1435 3750 mi,
1455 3676 1544 3738 utel
1561 3697 1615 3738 ore

487 3791 591 3843 uestro
608 3781 731 3866 aliquid
743 3793 887 3866 raperet,
913 3784 996 3846 elide
1018 3785 1147 3846 sciolum
1171 3784 1257 3846 uobis
1279 3785 1366 3845 illum
1384 3771 1504 3844 attull'.
1531 3779 1615 3842 Puer

488 3897 589 3950 uulua
605 3890 672 3971 ipse
683 3886 817 3971 pellebar
836 3899 986 3973 aspectu,
1010 3901 1106 3953 metro
1130 3911 1195 3952 erem
1212 3886 1543 3970 essetporntisse'rnus,
1567 3887 1615 3946 sic

484 3995 612 4056 intulit:

654 4101 719 4150 llere
731 4100 813 4150 urbm
828 4099 955 4166 Gruecur,
969 4117 1030 4152 eum
1043 4104 1093 4152 ute
1105 4105 1167 4164 rim,
1182 4099 1288 4161 domne,
1303 4098 1429 4149 Latinus.

488 4207 527 4270 In
543 4229 602 4292 quo
618 4209 676 4270 ille
691 4210 774 4272 sieut
787 4231 1060 4272 renasceremur
1077 4208 1192 4294 cupide
1213 4207 1291 4270 odeo
1314 4218 1360 4270 est
1381 4208 1555 4282 delectato,
1578 4218 1616 4270 ut

489 4313 586 4375 adse
607 4323 741 4403 tractum
768 4317 910 4380 osculatu
932 4315 1070 4378 scabello
1088 4302 1202 4399 pedum
1220 4315 1401 4398 promimius
1425 4314 1564 4388 locuret‚·
1594 4335 1614 4376 e

490 4441 562 4504 quo,
579 4429 617 4482 ut
629 4423 808 4504 repentinos
822 4421 887 4484 sibi
898 4420 1001 4483 adbuc
1016 4420 1282 4502 umsusfeceret,
1300 4422 1427 4483 curiosa
1442 4429 1611 4504 exegerat.

489 4523 574 4587 Puer
587 4546 662 4586 uero
678 4529 851 4611 mugrbtros
866 4525 973 4588 ambos
988 4527 1134 4598 intuitus,
1159 4528 1253 4610 quusi
1270 4527 1345 4590 tulis
1360 4526 1463 4591 osculi
1474 4527 1614 4587 insuetus

490 4629 568 4692 lere
583 4631 709 4694 obtulit:
