3884 5525
988 599 1125 652 HORA'PM

696 784 752 832 seu
768 770 847 831 libra
864 783 923 832 seu
936 746 987 830 nnc
1002 769 1143 846 scorpios
1159 770 1274 846 aspicit

697 880 932 957 formidolosus,
949 893 1023 954 pars
1038 879 1208 944 uiolentior

695 991 811 1052 natalis
826 990 933 1081 horae,
952 1005 1010 1052 seu
1024 995 1181 1067 tyrannus

695 1099 866 1177 Hesperiae
881 1103 1085 1177 capricornus
1103 1103 1213 1178 undae,

696 1259 863 1331 utrumque
877 1259 1022 1318 nostrum
1037 1255 1212 1318 incredibili
1229 1255 1319 1316 modo

697 1368 856 1427 consentit
870 1371 1003 1428 astrum.
1025 1369 1067 1426 ‘ie
1082 1361 1167 1428 louis
1183 1366 1266 1442 lnpio

697 1476 797 1537 tutela
813 1473 950 1538 Saturno
965 1477 1128 1554 relulgens

696 1588 811 1663 eripuit
825 1587 1027 1662 uolucrisque
1043 1586 1100 1647 lali

820 1687 833 1715 Ο

558 1742 599 1793 li.
624 1742 737 1806 scorpios
757 1741 782 1792 A
790 1759 797 1790 .·
824 1742 940 1807 scorpins
960 1741 1083 1806 BGHgor.
1167 1739 1260 1807 aspicit
1276 1743 1345 1804 mei,
1369 1755 1423 1790 non
1442 1740 1513 1806 adep.
1541 1760 1548 1767 ·

490 1811 531 1863 19.
552 1811 652 1862 Fatalis
671 1811 711 1873 B,
733 1809 831 1860 Lelalis
851 1825 869 1870 ς
886 1811 939 1860 duo
953 1811 1050 1860 mand.
1130 1815 1263 1876 tyramnus
1281 1809 1318 1872 B,
1346 1809 1462 1860 tirannus
1479 1810 1513 1859 H.

489 1881 600 1930 19-20.
620 1894 712 1930 scu—
724 1879 806 1928 undae
825 1879 938 1930 Seruius
956 1879 992 1928 ed
1005 1879 1106 1946 Vergil.
1124 1878 1220 1942 Georg.
1241 1877 1249 1928 l
1270 1879 1329 1928 336.
1442 1877 1484 1930 22.
1505 1876 1618 1928 Consen-

487 1950 521 2000 sit
541 1950 572 1998 B.
651 1948 727 2013 impio
747 1950 809 1997 mei.
921 1947 1049 1997 22-25.
1068 1955 1094 1997 te
1113 1975 1148 1983 -
1166 1947 1222 1996 alas
1240 1947 1353 1998 Seruius
1372 1947 1409 1997 ud
1427 1947 1531 2011 Vergil.
1547 1947 1616 1997 Asu.

489 2017 534 2068 llll
552 2018 614 2067 olo.
732 2014 775 2065 24.
795 2015 961 2082 uolucresque
976 2016 1125 2076 §Seruius⁸
1197 2054 1198 2058 ,

541 2169 652 2219 17-22.
665 2167 746 2233 >Quoi
758 2175 856 2219 astrum
868 2183 908 2218 ma
922 2168 1032 2234 aspiciat
1074 2175 1199 2221 nostrum
1218 2168 1375 2218 incredibili
1392 2167 1470 2218 modo
1484 2172 1617 2220 consentit

486 2253 618 2304 meamque
648 2237 790 2300 genituram
815 2245 902 2301 regat,
933 2237 1032 2287 uiolen·
1074 2238 1193 2302 ealrum)
1210 2237 1367 2300 argumentis
1380 2237 1511 2302 probatur.

486 2315 573 2357 tumne
586 2322 619 2356 an
638 2307 711 2369 lene,
733 2322 779 2370 ego
794 2306 896 2368 nescio,
918 2306 962 2355 sed
977 2307 1031 2356 scio
1127 2307 1238 2357 22-23.
1250 2305 1454 2370 inpioSeturno
1465 2305 1616 2372 refulgens:

487 2391 569 2425 meum
581 2375 726 2425 consentire
735 2389 790 2424 cum
800 2381 855 2425 tuo.
873 2373 941 2423 Haec
950 2374 1032 2424 refert
1074 2375 1156 2441 inpius
1171 2373 1298 2424 Saturnus
1316 2381 1374 2423 erat
1393 2374 1418 2423 in
1437 2373 1617 2438 liberassem,

487 2446 518 2493 ad
530 2445 672 2508 opinionem
681 2444 928 2506 matbematicorum,
940 2443 1031 2507 deqna
1074 2459 1136 2509 quos
1156 2444 1293 2492 deuorauit
1313 2449 1358 2490 ant
1377 2443 1460 2492 uoluit
1480 2443 1615 2492 deuorare.

486 2513 523 2563 ci.
536 2511 620 2562 Tacit.
635 2513 701 2562 Ana.
717 2510 751 2562 Vl
764 2511 813 2561 22:
834 2512 961 2565 Ceterum
970 2512 1032 2576 piu·
1074 2512 1138 2562 Hinc
1151 2511 1223 2562 sidus
1237 2525 1292 2560 esse
1312 2510 1444 2576 inprobum
1458 2517 1485 2561 et
1502 2511 1618 2577 rapidum

487 2583 564 2632 ribus
576 2581 737 2632 mortalium
748 2597 802 2630 nore
820 2583 953 2630 eximitur
964 2583 1031 2644 puin
1044 2601 1051 2615 a
1073 2580 1245 2630 mathematici
1258 2579 1431 2630 crediderunt.
1451 2578 1564 2646 iuppiter
1574 2581 1617 2645 qni

483 2654 576 2716 primo
596 2653 726 2715 cuiusque
744 2655 807 2699 ortu
820 2654 935 2698 uenture
948 2649 1031 2698 desii·
1074 2649 1188 2698 facinora
1202 2647 1305 2697 Saturni
1325 2648 1453 2712 cohibuit,
1475 2649 1552 2698 etiam
1570 2648 1618 2698 in-

486 2725 594 2783 uenitur,
616 2720 641 2769 ll.
655 2734 680 2768 e.
694 2717 854 2768 destinentur
873 2717 956 2767 sidere
970 2724 1031 2767 tuno
1074 2715 1271 2785 petnmSatnrni
1285 2717 1310 2765 in
1321 2715 1495 2767 Maecenatem
1509 2717 1547 2767 ita
1560 2733 1616 2784 rep·

433 2809 438 2818 ¹
486 2788 583 2837 ualido.
602 2786 674 2851 Quod
686 2786 1031 2851 sidusgenituramalicuins
1074 2787 1153 2853 pulit,
1174 2794 1202 2835 nt
1213 2787 1329 2850 fulgore
1347 2802 1393 2835 suo
1412 2786 1516 2836 Saturni
1535 2787 1615 2836 lucem

486 2864 639 2922 aspexerat,
665 2856 711 2905 boc
736 2856 842 2905 eundem
863 2855 980 2903 comitari
1006 2861 1032 2903 et
1074 2856 1190 2905 hebetem
1203 2855 1322 2904 redderet
1335 2855 1440 2920 eiusque
1453 2856 1503 2904 nim
1516 2856 1616 2905 noxiam

487 2926 602 2990 aspicere
614 2940 660 2989 per
672 2939 768 2973 omnem
779 2925 857 2973 uitam
868 2924 1030 2973 credebatur.
1073 2925 1254 2987 restingueret.
1280 2923 1384 2973 Persius
1405 2922 1426 2973 V
1445 2924 1494 2973 50:
1516 2922 1617 2974 Satur-

432 3027 438 3039 .
487 2994 618 3043 Horatium
637 2993 754 3042 innitatur
765 2991 868 3042 Persius
881 2992 902 3041 V
915 2992 1029 3041 45-51.
1073 3009 1189 3058 utrmque
1199 3008 1314 3057 grestem
1327 2998 1421 3042 nostro
1434 2993 1617 3059 Iouesrengi·

539 3061 663 3111 17-19,
681 3077 729 3110 seu
749 3057 983 3110 libra-boreas
1000 3059 1030 3107 li·
1072 3078 1133 3111 mres
1151 3076 1216 3111 unu.
1247 3060 1284 3109 De
1305 3063 1380 3111 noxia
1399 3060 1501 3111 Saturni
1527 3062 1554 3111 ni
1579 3060 1614 3111 ci.

486 3130 557 3178 liram
570 3144 628 3177 csse
641 3129 712 3177 sidus
726 3128 860 3191 benignum
874 3144 905 3178 en
918 3128 951 3177 iis
964 3142 1029 3191 quac
1072 3129 1219 3195 Propertius
1230 3128 1277 3179 llll
1290 3130 1298 3177 l
1314 3129 1356 3193 84,
1373 3130 1500 3179 iuuenilis
1509 3129 1542 3180 Vl
1553 3131 1613 3181 569.

462 3198 516 3246 'de
530 3198 628 3260 scorpio
642 3197 918 3257 clienntnrcontraria‚
939 3203 1028 3261 sponte
1072 3198 1109 3248 An
1129 3198 1234 3248 uerbum
1254 3202 1357 3263 eripuit
1374 3214 1405 3248 ex
1425 3199 1538 3265 proximo
1557 3216 1616 3265 sup·

485 3264 652 3327 intellegitur.
684 3263 819 3313 consentit
839 3263 959 3314 Manilius
983 3264 1029 3315 llll
1072 3266 1304 3333 pletaneiurno.

485 3333 546 3381 549.
1124 3335 1245 3385 24-25.
1265 3336 1510 3402 uolucrisquesali
1522 3337 1615 3387 tarde-

540 3400 581 3451 18.
598 3394 821 3463 ‘formidolosuse
835 3398 972 3463 timendus,
987 3400 1029 3467 qui
1072 3406 1116 3453 uit
1127 3404 1201 3454 alas:
1216 3404 1346 3455 Bentleius
1358 3407 1530 3471 uolucrisque
1540 3421 1614 3455 aecu-

485 3469 640 3518 naturaliter
653 3466 825 3536 formidandus
838 3469 885 3531 sit,
904 3477 934 3518 ut
946 3469 1030 3519 Sallu·
1071 3473 1182 3521 salinum
1202 3473 1316 3538 accepit,
1339 3480 1367 3523 ut
1386 3473 1493 3523 Ouidius
1513 3474 1614 3539 scripsit

484 3538 565 3588 stiasz
588 3540 743 3586 etiamtum
754 3540 878 3600 potentin
894 3538 1029 3589 OmPom·
1071 3541 1095 3589 in
1119 3542 1181 3591 Arte
1204 3540 1225 3591 ll
1247 3542 1296 3591 45:
1323 3546 1468 3608 remigium
1491 3544 1614 3593 uolucres

481 3605 722 3673 peisormidoloaa
735 3601 818 3655 erat'.
838 3607 939 3657 Aenon.
1071 3610 1192 3674 disponit
1210 3613 1238 3660 in
1256 3610 1351 3660 ordine
1367 3626 1485 3675 pennae,
1508 3627 1538 3661 ac
1552 3614 1612 3661 sine

536 3674 659 3725 18-19.
677 3689 745 3739 pare
757 3675 912 3725 uiolentior
923 3676 1026 3725 natalis
1071 3685 1200 3743 poetarum
1221 3685 1262 3729 cst
1284 3678 1364 3727 uerba
1383 3693 1460 3727 sensu
1479 3680 1614 3729 coniuncte

380 3739 385 3747 “
483 3746 583 3793 beree:
601 3758 664 3809 qnos
677 3750 810 3793 nascentes
824 3741 890 3793 uidit
902 3745 1025 3811 scorpios,
1070 3747 1126 3797 loco
1146 3762 1290 3799 secernere.
1316 3744 1408 3795 Verum
1433 3746 1480 3795 boc
1506 3754 1615 3798 nonest

483 3813 523 3861 bis
537 3812 649 3878 pericula
662 3818 737 3876 parat
749 3819 776 3861 et
787 3813 926 3863 uiolentam
939 3814 1023 3864 finem.
1069 3823 1233 3881 perpetuam,
1255 3821 1281 3863 et
1291 3816 1376 3879 μοῖρα
1389 3806 1518 3880 strepenti
1531 3817 1613 3879 magis

483 3879 603 3931 Manilius
618 3879 663 3929 llll
678 3880 824 3931 553-559.
1069 3884 1160 3935 decere
1173 3889 1271 3947 poetam
1284 3881 1386 3929 uidetur
1404 3895 1479 3943 quam
1492 3882 1613 3935 uolucres

536 3950 646 3998 19-20.
666 3965 712 3998 seu
730 3954 862 4014 tyrannus
874 3976 907 3985 —-
920 3948 1024 3999 undae.-
1069 3953 1136 4002 alae.
1157 3951 1207 4015 Qui
1217 3948 1314 3998 Bentiei
1325 3948 1447 3998 rationem
1457 3950 1611 4015 probabunt,

483 4016 606 4082 Hesperia
620 4016 688 4065 unda
700 4023 740 4066 est
753 4032 821 4067 mare
833 4018 857 4066 in
869 4017 1024 4067 occidentem
1069 4022 1244 4081 uolucresque
1271 4018 1373 4079 legant,
1399 4022 1428 4067 nt
1449 4018 1555 4070 Seruius
1580 4020 1611 4071 all

481 4100 593 4134 uersum.
621 4083 742 4134 Manilius
756 4084 801 4134 llll
817 4086 881 4136 791:
904 4090 948 4150 lu,
973 4086 1025 4135 Ca·
1068 4086 1176 4149 Vergilii
1195 4084 1365 4149 corbolien.
1382 4084 1612 4152 1111610)ἀίωο-

479 4157 621 4217 pricorne,
642 4156 730 4217 regia,
753 4154 884 4220 quicquid
901 4154 949 4201 tub
969 4153 1024 4201 sole
1067 4158 1164 4205 rietatis
1182 4154 1289 4203 elisae:
1313 4148 1370 4203 ‘aut
1390 4170 1478 4206 manes
1497 4157 1560 4207 dicit
1577 4184 1611 4193 -

482 4221 594 4271 cedente
615 4226 654 4269 est
673 4225 796 4286 positum
814 4250 862 4283 -‚
888 4221 1023 4284 Hispanae
1068 4230 1113 4273 ant
1130 4230 1199 4273 certe
1218 4214 1410 4289 ἀναιρετικούς
1427 4225 1505 4289 dicit,
1527 4225 1551 4275 lt
1572 4232 1611 4276 est

478 4294 573 4355 gentes
585 4295 614 4338 et
625 4295 694 4355 quot
701 4291 766 4354 sert
780 4289 868 4339 Gallia
880 4288 956 4337 diues
969 4294 1021 4339 cet.
1066 4289 1173 4341 Martem
1187 4297 1213 4339 et
1226 4289 1378 4355 Saturnum,
1400 4294 1443 4358 qui
1457 4294 1611 4344 intercidunt

532 4358 645 4407 21-22.
663 4358 814 4407 incredibili
824 4355 1023 4406 modoconaeu-
1066 4361 1134 4409 uitae
1154 4360 1294 4422 rationein,
1315 4360 1337 4410 si
1354 4361 1436 4411 radiis
1454 4362 1509 4412 suis
1527 4370 1608 4412 ortum

480 4430 531 4476 til:
545 4443 578 4476 en
588 4428 635 4475 boe
644 4441 769 4475 consensu
779 4425 878 4487 colligit
888 4430 1021 4489 utrumque
1066 4429 1199 4491 geniturae
1210 4428 1378 4493 pulsauerint.
1394 4429 1514 4480 Horatius
1522 4430 1608 4481 Carnu.

478 4497 585 4544 amicum
598 4495 673 4544 simul
686 4493 812 4542 obiturum
826 4507 893 4541 esse·
1066 4496 1104 4546 M:
1125 4504 1150 4547 te
1163 4498 1235 4548 lonis
1247 4502 1322 4561 inpio
1336 4499 1420 4548 tutele
1434 4499 1555 4549 Saturno
1568 4514 1610 4549 re·

531 4564 654 4611 ‘li-30.
673 4560 1023 4611 telonia—mestosuiro-
1059 4566 1174 4633 fulgent
1198 4570 1315 4631 eripuit,
1348 4567 1525 4630 uolucresque
1547 4568 1612 4632 seli

478 4628 1023 4696 rum.-scntentlapraegressa(utrumque
1067 4636 1194 4687 tardauit
1216 4636 1285 4686 alas.
1326 4634 1359 4685 lit
1383 4634 1447 4685 bene
1473 4636 1607 4697 tardauit,
