3884 5525
460 590 521 653 468
952 583 1089 638 nonnrn

461 773 492 822 ta
588 759 670 821 unte
687 758 742 818 tibi
758 756 892 818 reditum
906 760 993 837 certo
1009 738 1184 819 subtemine
1199 752 1319 818 Parcae

625 884 749 946 rupere,
767 883 824 929 nec
840 871 941 929 mater
956 869 1080 929 (lonium
1097 868 1224 929 caerula
1239 872 1271 928 te
1285 868 1427 931 reuebet.

587 1022 652 1084 iilic
668 1036 759 1082 omne
774 1020 890 1083 malum
906 1022 981 1083 uino
997 1024 1152 1096 cantuque
1168 1020 1284 1098 leuato,

631 1133 780 1195 ‹letormis
795 1133 1008 1209 aegrimoniae
1023 1131 1166 1193 dulcibus
1182 1124 1351 1217 alloquiis'.

968 1280 1074 1393 x11'11.

625 1480 733 1545 notros
749 1461 935 1543 inculatur
952 1484 1072 1543 antam
1090 1480 1335 1543 armuerntmts
1390 1518 1398 1538 s

668 1592 856 1654 obliuionem
872 1594 1029 1669 sensibus

530 1746 570 1796 15.
592 1746 638 1796 sub
650 1748 761 1811 tegmine
773 1749 806 1811 B,
825 1747 872 1798 aab
885 1748 979 1799 tamine
991 1738 1023 1799 S.

522 1880 672 1933 Maecenati
685 1892 793 1935 excusat
812 1886 936 1935 desidiam
950 1900 1021 1935 suam
1041 1892 1068 1935 et
1080 1884 1198 1949 obiurgat
1216 1899 1244 1934 se
1263 1884 1328 1949 quod
1342 1899 1390 1933 uon
1404 1882 1589 1933 consummauit

459 1950 568 2000 iambica
581 1966 659 2016 opera
672 1954 800 2002 amoribus
813 1962 947 2004 auocntus.
966 1954 1067 2004 Primus
1079 1969 1171 2004 uersus
1184 1953 1311 2015 heroicus,
1323 1953 1450 2002 secundus
1463 1951 1588 2001 iambicus

460 2019 567 2069 dimeter
578 2021 613 2069 A.
693 2020 731 2070 aa
745 2020 902 2072 Mecenatem
916 2024 1033 2073 senarius
1047 2024 1142 2089 apicus,
1158 2022 1275 2071 binarius
1288 2021 1412 2071 iambicus
1426 2020 1586 2087 epodicusH.

531 2088 606 2137 1-2.
628 2087 804 2140 ibrentianue
818 2091 932 2143 Maurus
945 2109 972 2143 u.
985 2092 1051 2142 2662
1066 2110 1096 2159 p.
1109 2092 1186 2142 2449.
1295 2091 1318 2141 1.
1338 2091 1437 2141 inercia
1449 2091 1483 2140 H.

513 2225 554 2274 15.
579 2225 650 2275 uncle
669 2228 719 2276 tibi
736 2227 870 2278 reditum:
891 2228 1000 2278 reditum
1088 2226 1451 2295 'Epotl.Xllll.Prooemium.
1463 2226 1588 2291 inceptos

460 2294 491 2344 Εὐ
505 2302 634 2376 piantem
648 2302 674 2344 ⁰²
685 2296 806 2360 purim·
853 2303 928 2347 00'50
941 2299 1004 2347 Μ·
1043 2320 1146 2369 ianrboa
1167 2324 1193 2368 ct
1213 2318 1278 2367 olim
1294 2320 1445 2383 promissos
1458 2316 1588 2377 adfinem

461 2368 575 2412 temone:
594 2371 665 2413 certo
682 2365 786 2414 decreto
806 2380 851 2431 per
870 2365 1002 2416 subtemen

460 2431 552 2494 (aian)
565 2431 723 2500 anglicano,
737 2433 771 2483 er.
784 2433 880 2484 earum
892 2436 925 2484 cs
940 2436 1001 2485 aar.
1044 2407 1178 2458 ‘'Multi'‘
1191 2408 1476 2503 ⁷²⁰²²t⁰⁸wm⁰⁷t²⁰t²³
1486 2409 1517 2455 '⁴²'
1527 2406 1589 2455 ‘tl

460 2498 553 2549 Statim
574 2501 692 2551 reditum
712 2518 811 2568 rupere
833 2503 942 2567 figurate
964 2504 1002 2553 di·
1045 2502 1131 2548 actus.
1160 2496 1223 2547 Tali
1241 2497 1339 2547 ardore
1361 2496 1425 2546 olim
1445 2496 1588 2547 Anacreon

459 2575 526 2650 iim
539 2576 593 2651 ‘Hi‘
609 2585 664 2619 Μ
678 2570 746 2650 filum
757 2570 853 2622 palili
866 2588 921 2622 ⁰⁸⁰¹
934 2588 1001 2622 mm·
1038 2589 1187 2655 flagrauii.
1212 2586 1252 2637 Tu
1265 2590 1337 2652 ipae,
1356 2585 1513 2648 Maecenas,
1528 2600 1588 2634 aare·

459 2645 538 2703 ptiar,
552 2646 606 2687 uite
621 2646 745 2704 rumpitur
756 2646 783 2689 et
795 2640 902 2691 reditus.

513 2707 554 2757 16.
574 2722 623 2756 nec
641 2712 732 2757 mater
745 2735 775 2745 -
789 2711 917 2759 reuehet:
936 2724 1001 2776 quae

461 2775 560 2826 domum
573 2778 697 2827 machere
709 2785 806 2843 posset,
818 2778 1003 2846 fatoimpedie.
1044 2767 1179 2818 1110811ἆὶῖέ
1197 2783 1240 2817 mo
1258 2769 1388 2818 libertina
1409 2770 1535 2816 macerat
1545 2780 1589 2813 ne-

459 2852 520 2908 illi'3
540 2847 677 2896 caerulae
697 2847 776 2897 maris
794 2848 895 2912 colore,
918 2855 945 2898 at
961 2851 1003 2898 ua'-
1045 2873 1096 2922 que
1108 2872 1161 2908 imo
1175 2862 1313 2908 contenta,
1327 2854 1447 2920 (Metrum
1461 2853 1489 2919 9)

460 2919 522 2964 crea
537 2914 635 2964 Circei
651 2916 739 2966 itai).

514 2983 624 3034 17-18.
639 2982 767 3034 Vaticiuio
778 2984 910 3034 consilium
923 2979 1003 3049 (aino-
1098 2985 1169 3036 Hunc
1179 2985 1285 3051 epodum
1296 2984 1327 3034 ad
1335 2982 1509 3035 Maecenatem
1519 2981 1588 3031 misit

460 3045 562 3116 θήκην)
574 3053 654 3102 attia.
672 3049 756 3103 breue
775 3061 874 3120 tempus
888 3070 933 3103 nec
947 3054 1003 3103 sine
1046 3069 1112 3104 auno
1125 3055 1197 3104 urbis
1211 3055 1260 3104 tat
1271 3074 1298 3098 =
1309 3054 1373 3103 30a.
1383 3052 1456 3114 cin,
1470 3051 1536 3117 quod
1550 3049 1587 3101 sic

460 3121 526 3170 malo
549 3121 595 3170 tibi
617 3121 776 3171 tolerandum
797 3123 856 3172 uino
876 3129 1003 3186 cantuque
1046 3123 1167 3187 colligere
1197 3124 1267 3172 licet.
1309 3120 1457 3172 Terentiam
1482 3134 1586 3170 uxorem

460 3189 555 3238 leuato.
624 3207 628 3211 ·
1010 3191 1012 3196 '
1046 3190 1182 3241 Maecenas
1196 3192 1220 3240 in
1234 3191 1420 3241 matrimonium
1436 3190 1509 3238 duxit
1521 3203 1586 3237 anno

514 3257 555 3306 18.
575 3257 707 3322 deiformia
719 3260 905 3322 aegrimoniae
916 3258 1004 3308 dulci·
1048 3261 1108 3322 125,
1125 3266 1153 3309 ut
1169 3261 1279 3310 uidimus
1297 3261 1328 3310 ed
1346 3275 1446 3309 carmen
1467 3257 1587 3306 duodeci·

462 3324 509 3373 bita
528 3325 672 3387 alloquiis:
696 3325 852 3388 aegrimonia
871 3327 1003 3391 deformia
1046 3343 1113 3378 mum
1129 3329 1188 3378 libri
1203 3329 1320 3378 secundi:
1343 3344 1407 3378 nunc
1420 3327 1486 3376 idem
1501 3333 1587 3375 osteu-

460 3398 515 3454 est‚
540 3392 606 3456 quod
630 3408 708 3455 rugas
739 3392 832 3443 ironiis
863 3387 1001 3445 concinnit.
1046 3397 1117 3447 ditur
1134 3399 1321 3448 matrimonium
1340 3397 1460 3462 pulchrae
1479 3394 1586 3458 uirginis

460 3459 530 3509 Hanc
549 3461 665 3511 suauiter
683 3463 800 3512 solantur
818 3470 908 3512 cantos
926 3471 952 3514 et
963 3464 1003 3513 ui·
1047 3482 1094 3516 non
1108 3466 1161 3515 siue
1174 3481 1236 3516 cura
1249 3467 1378 3530 ambiens,
1397 3465 1441 3515 sed
1455 3465 1492 3513 ita
1503 3470 1585 3513 tamea

461 3545 528 3579 uum.
628 3530 776 3605 alloquiis:
808 3532 910 3582 solatiis
936 3532 1004 3597 (Zu-
1046 3534 1160 3585 ambiens
1185 3543 1214 3584 ut
1238 3535 1291 3600 spei
1315 3543 1401 3584 certus
1425 3549 1482 3583 esse
1506 3531 1588 3598 possit

460 3599 601 3664 apraclle),
625 3597 759 3650 formatum
779 3607 808 3650 at
826 3602 1002 3667 colloquium,
1046 3603 1218 3669 (uit-15).
1243 3603 1295 3653 Hoc
1309 3619 1353 3654 uos
1367 3603 1436 3652 ducit
1449 3603 1481 3651 ad
1495 3615 1587 3651 annum

460 3682 505 3732 pro
530 3669 630 3732 uulgari
653 3669 825 3720 allocutione.
851 3669 925 3720 Conl.
946 3687 1002 3721 mea
1046 3672 1089 3738 qui
1104 3672 1291 3722 matrimonium
1311 3673 1424 3737 proxime
1437 3669 1586 3727 antecessit,

460 3736 491 3786 ab
503 3735 587 3787 Taciti
597 3738 664 3788 Anu.
676 3737 685 3787 Ι
697 3739 739 3789 ti.
754 3738 886 3788 Horatium
896 3735 1004 3804 sequeu'-
1047 3742 1072 3792 b.
1088 3757 1111 3792 e.
1126 3741 1158 3790 ati
1171 3755 1263 3790 aunum
1277 3741 1337 3790 724.

460 3804 494 3854 tis
515 3807 573 3855 aeui
596 3814 686 3872 poetae
708 3807 801 3857 imitati
825 3817 899 3871 suut,
922 3809 1004 3859 ueluti
1103 3807 1126 3858 1.
1146 3809 1235 3859 mollis
1253 3813 1373 3860 inertia:
1394 3808 1489 3858 inertia
1509 3805 1586 3856 animi

459 3872 559 3924 Statius
571 3873 651 3925 Theb.
666 3874 701 3926 Vl
715 3877 765 3939 46¹,
786 3875 822 3926 Xl
842 3877 907 3940 196,
927 3876 1004 3928 Vale·
1047 3892 1132 3927 amore
1151 3877 1253 3928 molliti.
1326 3881 1389 3928 lania
1402 3905 1437 3914 -
1448 3877 1585 3927 sensibus:

1044 2681 1093 2739 ria,
1109 2677 1156 2727 secl
1168 2680 1229 2741 igni
1241 2691 1293 2744 quo
1303 2676 1522 2741 paictrtorttton
1534 2689 1588 2723 non

460 3942 886 4007 riusFlaceasllbii,V11373.
913 3945 1003 3996 Procul
1046 3945 1128 4010 Epod.
1145 3947 1172 3995 11
1191 3946 1586 4012 10:1atcrcpctituaimospi-
1693 3939 1699 3950 “

461 4013 627 4061 emanandum
640 4020 681 4062 est
694 4013 758 4076 quod
772 4013 901 4063 bentleius
915 4014 1003 4064 illatu-
1046 4017 1127 4065 ra'tuc.
1146 4013 1245 4079 Vergil.
1259 4014 1348 4078 Eclog.
1363 4015 1378 4063 3
1395 4015 1445 4063 54:
1466 4014 1587 4063 sensibus

460 4095 506 4128 rus
530 4087 604 4129 erata
629 4081 688 4130 illic
711 4097 788 4130 omne
810 4083 912 4132 malum
937 4087 1002 4133 uinco
1046 4084 1111 4134 hacc
1129 4087 1191 4132 imis
1209 4112 1244 4120 -
1260 4098 1384 4148 reportas.
1412 4081 1445 4132 Vt
1463 4085 1524 4132 ionia
1543 4095 1588 4130 ex-

460 4152 596 4214 cantuquc
615 4147 707 4198 leuato
720 4151 850 4214 dct'ormia
867 4154 1003 4214 acgrimo-
1046 4157 1153 4202 tremum
1166 4152 1242 4202 animi
1257 4167 1402 4214 recessum,
1424 4151 1460 4200 sic
1476 4149 1588 4217 dipsade-

460 4219 530 4278 niae,
544 4232 577 4265 ac
589 4216 710 4266 dulcibus
724 4218 861 4283 alloquiis,
875 4226 904 4267 ut
916 4219 1003 4268 dulcia
1046 4224 1084 4270 rit
1096 4237 1183 4272 omnes
1193 4221 1304 4287 pectoris
1314 4227 1402 4286 partes
1412 4219 1437 4269 iu
1449 4234 1511 4285 quas
1522 4217 1588 4282 iguis

461 4284 573 4349 alloquia
586 4293 673 4336 esseut
685 4291 814 4337 nocturni
824 4291 949 4336 auctorale
964 4287 1004 4337 ni·
1046 4291 1140 4340 amoris
1153 4291 1307 4355 penetrauit,
1322 4290 1436 4340 denotat.
1505 4345 1507 4349 ‚

460 4353 551 4402 mirum
562 4353 681 4412 Chironis
695 4357 805 4404 hortatio
817 4356 879 4404 talis
889 4370 946 4406 esse
960 4357 1003 4405 de·
1096 4359 1122 4408 3.
1142 4359 1292 4409 Lethaeos:
1310 4353 1478 4417 ‘obliuiosos,
1497 4362 1526 4404 ut
1538 4353 1589 4405 Le-

460 4422 525 4485 buit,
545 4431 574 4473 ut
586 4424 664 4472 eiiam
678 4424 708 4473 ad
723 4423 855 4474 Horatium
868 4431 895 4472 et
906 4424 1002 4474 amicos
1046 4427 1122 4476 thaat
1132 4427 1299 4494 adflurninic
1312 4427 1412 4477 unciam
1426 4440 1535 4475 securos
1548 4424 1589 4473 la-

461 4491 486 4539 io
498 4493 594 4558 campis
603 4490 806 4557 Philippensibus
816 4493 1002 4542 accommodari
1045 4498 1108 4544 tices
1119 4500 1148 4545 et
1157 4496 1238 4558 longa
1249 4496 1351 4546 obliuia
1362 4488 1469 4560 potant’
1478 4492 1587 4555 (Vergil.

460 4567 558 4622 posset:
591 4560 627 4609 ibi
652 4568 737 4610 autem
762 4560 793 4609 (le
818 4560 858 4610 his
881 4561 1001 4627 alloquiis
1044 4562 1242 4627 seuvinus).
1264 4564 1361 4614 Aenon.
1460 4562 1589 4612 ducentia

461 4625 582 4676 Horatius
594 4636 665 4678 certe
679 4645 727 4679 uon
739 4628 878 4692 cogitabat.
1043 4647 1164 4683 somnos:
1179 4647 1280 4683 somnos
1291 4640 1417 4698 tamquam
1427 4630 1532 4682 comites
1543 4629 1589 4679 arl-
