3884 5525
945 644 1080 696 nouauit

656 789 784 893 spera're
796 815 986 889 ‚fortunaque
1002 813 1084 874 dulci

657 928 760 989 ehrla:
780 927 834 987 sed
850 927 964 986 minuit
979 925 1116 994 turonem

622 1091 628 1100 '
656 1081 712 1142 uix
727 1093 790 1141 una
805 1093 915 1154 sospes
930 1078 1023 1138 nauis
1038 1079 1076 1138 alt
1092 1077 1230 1152 ignitius,

657 1195 854 1265 mentemque
869 1189 1060 1265 lymphatam
1075 1185 1249 1249 Mareotico
1273 1211 1275 1216 ·

655 1301 777 1376 redegit
790 1301 822 1360 tu
839 1313 933 1360 ueros
949 1299 1079 1360 timores

656 1409 776 1475 Caesar
789 1411 828 1471 ah
843 1406 935 1471 italia
949 1409 1107 1470 uolantem

656 1565 751 1626 remis
767 1565 935 1640 adurgens,
953 1563 1102 1638 accipiter
1116 1561 1204 1624 uelut

656 1675 758 1737 mollis
774 1675 933 1736 columbas
948 1677 1004 1734 aut
1019 1672 1154 1749 leporem
1170 1673 1252 1733 citus

519 1879 559 1929 13.
580 1887 693 1930 unauna
707 1882 739 1930 H.
846 1878 1302 1946 14.lymlaumA‚limphatam13.
1409 1875 1576 1926 17.remiesa

448 1967 523 2045 t'gens
536 1983 577 2046 (=
593 1984 710 2048 turgens)
723 1984 756 2034 A.
863 1981 904 2032 18.
924 1981 1009 2030 mollis
1021 1981 1062 2031 A:
1083 1979 1175 2030 Molles
1188 1978 1270 2030 BGH.

501 2213 612 2266 11-12.
623 2213 800 2329 {ortaturque
813 2208 989 2262 dulcicano:
1034 2212 1158 2274 inertem,
1172 2219 1201 2261 ut
1213 2218 1254 2260 est
1265 2211 1289 2259 in
1304 2208 1386 2274 Epist.
1403 2208 1411 2258 Ι
1426 2209 1442 2256 5
1457 2209 1498 2258 ll.
1528 2207 1578 2258 lta-

448 2283 503 2347 ipsa
513 2282 628 2344 reginae
648 2281 686 2330 ria
699 2279 764 2342 luit,
784 2279 890 2330 comites
902 2279 991 2330 morbo
1034 2296 1082 2345 que
1102 2279 1255 2346 lymphatum
1275 2286 1384 2328 mentem
1403 2278 1433 2326 de
1447 2277 1577 2342 impotenti

448 2358 535 2414 turpes
558 2357 586 2399 ct
609 2348 783 2399 contaminati.
814 2349 912 2398 Dulcis
941 2348 991 2398 ior·
1035 2349 1139 2413 reginae
1163 2347 1256 2398 fiducia
1281 2347 1478 2410 intellegendum
1502 2359 1579 2410 appa-

446 2426 520 2481 tuua,
534 2432 608 2482 qoam
622 2418 677 2467 sine
690 2418 779 2466 lahorc
795 2416 990 2482 impetrauerat.
1035 2425 1090 2480 ret,
1111 2417 1152 2466 cui
1171 2423 1241 2466 recte
1255 2423 1415 2482 opponuntur
1428 2418 1489 2465 ueri
1501 2417 1578 2464 timo·

501 2487 543 2536 13.
572 2490 623 2536 usic
647 2501 701 2536 ααα
725 2512 759 2522 -
780 2487 904 2550 Quibus:
929 2486 993 2536 dicit
1035 2482 1577 2568 raa‚siquidemuanacratuimiaiilaanimi

448 2569 527 2604 naues
550 2556 576 2604 in
601 2555 724 2620 proelium
749 2553 915 2618 commissas,
942 2571 991 2604 nou
1035 2554 1148 2606 fiducia.
1172 2551 1271 2604 Nimiae
1285 2553 1393 2603 fiduciae
1413 2552 1577 2618 inpotentiam

448 2624 584 2686 sexaginta
596 2624 671 2687 illas,
692 2623 840 2688 quibuscum
854 2623 993 2688 Cleopatra
1035 2623 1139 2687 reginae
1158 2629 1234 2687 poeta
1247 2629 1306 2672 aute
1319 2622 1456 2687 descripsit
1469 2620 1578 2684 (6-12)

423 2692 558 2756 prologis.
595 2691 664 2757 Lege
700 2691 864 2742 Plutarchum
896 2691 990 2741 hoton.
1035 2699 1061 2741 et
1073 2693 1336 2756 postremofcrorom
1349 2689 1483 2756 increpuit,
1502 2704 1579 2740 uersu
1649 2705 1653 2712 ’

447 2778 471 2812 α.
487 2764 536 2825 66,
557 2762 663 2812 Dionem
682 2761 759 2812 L33.
789 2761 893 2811 Antonii
913 2776 993 2810 naues
1038 2762 1136 2825 ldsqq.
1156 2759 1187 2809 ad
1213 2759 1283 2809 aliud
1308 2761 1415 2823 transit,
1439 2759 1470 2809 ad
1485 2757 1579 2825 salsos

367 2850 371 2856 ·
448 2831 560 2881 immisso
580 2830 827 2894 iguidelctaceuut.
852 2828 991 2879 hietas
1036 2828 1140 2891 reginae
1161 2828 1264 2878 timores
1283 2829 1403 2892 (mentem
1424 2828 1577 2895 lymphatam

493 2904 543 2949 ulo
556 2916 610 2949 unc
630 2915 721 2964 sospes
740 2914 785 2963 pro
795 2894 871 2963 ‘quod
885 2897 928 2946 uin
941 2912 993 2945 una
1035 2896 1186 2960 Mareotico)
1206 2904 1233 2946 et
1252 2897 1283 2947 ad
1304 2912 1383 2947 ueros
1401 2898 1516 2946 eiusdem
1528 2912 1580 2947 me-

448 2984 536 3033 sospes
554 2961 630 3017 erat’.
656 2968 709 3017 Hoc
727 2967 808 3031 ipsum
827 2972 947 3015 accurate
966 2972 993 3015 et
1036 2974 1088 3015 tus.
1109 2964 1272 3015 Mareoticum
1287 2966 1372 3016 uinum
1386 2966 1473 3028 dulce,
1494 2965 1580 3016 odoris

448 3036 568 3085 historice
582 3036 713 3085 traditum.
733 3035 858 3083 Antonius
875 3034 941 3082 euim
955 3033 993 3081 fu·
1036 3033 1114 3095 grati.
1142 3032 1226 3082 alth!
1250 3034 1317 3099 lep.
1332 3033 1375 3083 33.
1403 3033 1494 3083 Strabo
1508 3032 1579 3085 xvh

447 3105 520 3166 siens
550 3104 609 3151 naui
639 3101 813 3166 quinqueremi
850 3100 991 3165 praetoria,
1038 3101 1068 3151 ll
1083 3108 1168 3150 exam:
1189 3095 1294 3152 εὐοινία
1315 3102 1347 3152 τέ
1362 3100 1422 3152 tort
1437 3098 1580 3172 trepidetis

447 3172 600 3234 simulatque
614 3169 776 3234 Cleopatram
794 3177 928 3218 assecutus
941 3178 991 3230 cst,
1036 3164 1139 3225 τόπους
1152 3171 1211 3231 (τῆς
1224 3173 1356 3235 Μαρείας
1367 3171 1490 3241 λίμνης),
1508 3167 1579 3221 ὥστε

446 3240 471 3287 in
486 3253 575 3286 nauem
588 3238 668 3301 ipsius
688 3244 821 3301 receptus,
843 3252 902 3285 mon
914 3236 993 3285 Anto·
1035 3238 1082 3287 καὶ
1095 3235 1259 3318 διαχεῖσθαι
1276 3234 1347 3309 πρὸς
1360 3242 1519 3291 παλαίωσιν
1532 3234 1580 3291 τὸν

446 3307 480 3355 nii
503 3306 576 3354 nauis
594 3305 742 3354 ult‘Euriclc
755 3303 956 3354 Lacedaemonio
978 3322 991 3354 e
1036 3308 1198 3371 Μαρεωτην
1211 3304 1294 3359 οἶνον.

446 3375 563 3439 partibus
575 3372 839 3437 Caesariscaptaest.
859 3373 990 3423 Plutarch.
1080 3376 1131 3425 *l5.
1155 3380 1183 3425 in
1205 3393 1284 3427 ueros
1303 3380 1430 3427 timores:
1450 3376 1520 3427 ebria
1541 3384 1579 3426 at-

445 3445 507 3492 Anl.
522 3459 545 3490 c.
557 3442 599 3490 67.
1035 3460 1083 3509 que
1097 3444 1178 3494 inscia
1192 3445 1250 3510 quid
1265 3454 1371 3510 ageret,
1392 3447 1493 3497 abierat
1505 3445 1579 3495 Cleo-

499 3511 542 3559 14.
561 3511 732 3575 lymphatam
745 3509 992 3576 Mareoticodym·
1035 3522 1109 3579 patra
1131 3513 1192 3576 (Dio
1215 3514 1234 3565 L
1256 3516 1309 3578 33).
1342 3514 1392 3565 Sed
1414 3531 1475 3567 uere
1496 3514 1581 3580 coepit

445 3580 546 3645 phalam
556 3579 626 3629 ualet
637 3579 762 3628 turbatam
775 3578 990 3647 (νυμφοβλαβῆ).
1036 3582 1136 3645 timere,
1151 3582 1226 3632 simul
1240 3591 1316 3649 atque
1327 3582 1445 3634 Caesaris
1460 3598 1538 3632 naues
1552 3598 1579 3633 se

445 3646 577 3698 Turbalae
599 3647 691 3715 ruentis
712 3647 812 3718 siguum
836 3649 921 3698 subita
946 3650 993 3699 illa
1036 3650 1134 3715 insequi
1155 3653 1295 3717 conspexit.
1322 3652 1359 3701 De
1378 3652 1416 3700 his
1429 3650 1580 3700 Plutarchus

446 3716 505 3779 iuga
519 3717 624 3780 reginae
644 3723 718 3779 crat,
740 3732 835 3780 eausa,
855 3725 884 3767 ut
901 3718 1003 3782 poetae'
1035 3719 1095 3769 Ant.
1110 3736 1133 3769 c.
1144 3720 1187 3784 67,
1207 3736 1294 3787 parum
1314 3725 1433 3769 accurate
1447 3717 1494 3765 Dio
1505 3717 1535 3766 tt
1552 3718 1576 3769 1.

445 3785 528 3835 uisum
545 3793 601 3847 cst,
621 3784 788 3835 Mareoticum
806 3786 891 3836 uiuum
911 3785 993 3836 inmo·
1036 3786 1146 3839 Grauem
1159 3804 1271 3838 errorem
1283 3787 1388 3836 Horatio
1402 3783 1579 3847 ingerilOrel-

445 3853 501 3903 dice
516 3854 644 3903 haustum.
665 3852 773 3904 Gratius
785 3854 909 3921 Cyneget
924 3855 990 3905 310:
1037 3857 1103 3905 liusr
1120 3853 1188 3906 ‘rem
1199 3859 1304 3919 poetice
1319 3858 1357 3904 itu
1376 3858 1524 3919 proponit,
1546 3871 1579 3905 ae

445 3923 580 3971 humanos
601 3938 654 3972 non
673 3938 716 3972 rea
731 3925 993 3989 magiacltarusen-
1036 3928 1062 3974 ai
1086 3925 1252 3973 Octauianus
1279 3922 1449 3986 Cleopatram
1482 3928 1578 3974 statim

443 4006 490 4039 sur
510 3992 585 4040 toltit
601 3992 688 4056 (quam
708 3991 811 4055 iuxus):
832 3994 897 4041 hacc
914 3993 996 4042 illast
1034 3997 1098 4058 post
1115 3995 1261 4041 uictoriam
1280 3992 1477 4057 inAegyptum-
1496 4009 1579 4057 usque

344 4063 348 4071 “
443 4059 559 4108 Pharios
584 4066 654 4125 qaae
672 4061 769 4126 fregit
792 4065 878 4110 nomia
903 4076 991 4125 reges,
1033 4064 1285 4126 persecuturos-set,
1300 4061 1576 4111 cumtamendcmum
1603 4070 1605 4075 '

445 4126 721 4178 dramaeruotccauia
731 4129 992 4194 pulsatiles-colico
1036 4144 1061 4177 α.
1082 4144 1109 4177 α.
1134 4144 1157 4177 α.
1174 4126 1224 4176 724
1248 4144 1277 4175 sc
1300 4131 1358 4192 ipso
1384 4125 1576 4195 interseoerit’.

442 4199 570 4261 gemmis.
600 4196 710 4263 opponit
729 4196 889 4247 Meioekius:
908 4194 994 4246 ‘men—
1036 4195 1111 4245 imino
1124 4196 1223 4259 aliquot
1237 4210 1317 4246 naues
1331 4196 1452 4249 Caesaris
1465 4198 1490 4247 in
1505 4197 1579 4247 Cleo-

445 4270 499 4314 tem
525 4265 698 4331 lymphatam
721 4271 871 4316 mareotico
895 4266 936 4329 qui
960 4265 992 4313 de
1035 4271 1132 4329 petram
1159 4264 1298 4328 fugientem
1326 4274 1350 4315 ct
1376 4265 1511 4316 Antonium
1537 4266 1578 4331 qui

443 4332 993 4399 panicoterroreinterpretantur,uideant
1035 4334 1099 4382 hano
1124 4333 1210 4383 statim
1236 4341 1338 4384 secutus
1363 4342 1403 4385 est
1431 4335 1577 4397 incubuere,

443 4417 493 4467 quo
507 4409 581 4466 paolo
595 4403 643 4452 hoc
655 4403 793 4453 concilient
812 4416 868 4450 eum
881 4400 913 4449 iis
927 4415 992 4464 quae
1035 4415 1108 4449 onam
1122 4418 1153 4451 ex
1167 4402 1265 4452 duabus
1278 4404 1415 4468 praetoriis
1431 4412 1458 4454 et
1476 4411 1580 4470 praeter

443 4468 475 4520 de
489 4471 542 4519 nini
556 4487 604 4521 usu
617 4471 751 4536 praedicat
768 4476 843 4535 pocta
857 4466 942 4517 Carm.
959 4466 991 4518 ut
1036 4469 1100 4519 hauc
1122 4470 1198 4520 aliam
1220 4480 1351 4539 ceperunt.
1441 4474 1475 4522 oh
1496 4472 1579 4522 ltalia

442 4539 471 4586 21
492 4539 532 4587 17.
551 4538 660 4588 Tantum
674 4540 738 4587 enirn
753 4539 827 4588 abest
839 4544 867 4585 ut
880 4536 992 4587 ebrietas
1036 4538 1192 4589 sectantem:
1213 4539 1375 4606 Cleopatram
1390 4556 1421 4590 ex
1434 4540 1508 4591 Actio
1521 4556 1580 4606 pro-

443 4606 555 4655 animum
569 4622 636 4656 uano
649 4607 741 4655 timore
754 4605 877 4671 impleat,
894 4613 922 4654 ut
934 4621 992 4671 spes
1036 4609 1162 4657 montorio
1175 4608 1254 4659 celeri
1269 4608 1328 4673 iuga
1341 4610 1532 4659 concedentem.

444 4674 534 4723 iubeat
553 4690 610 4725 csse
624 4682 695 4723 ratas
708 4674 779 4723 etad
793 4674 891 4738 praelia
904 4675 994 4725 trudat
1090 4678 1131 4727 lt.
1163 4681 1312 4743 accipiter.-
1343 4677 1462 4741 imaginis
1490 4684 1582 4728 auctor
