<?xml version="1.0" encoding="UTF-8"?>
<!DOCTYPE html PUBLIC "-//W3C//DTD XHTML 1.0 Transitional//EN"
    "http://www.w3.org/TR/xhtml1/DTD/xhtml1-transitional.dtd">
<html xmlns="http://www.w3.org/1999/xhtml" xml:lang="en" lang="en">
 <head>
  <title>
</title>
<meta http-equiv="Content-Type" content="text/html;charset=utf-8" />
  <meta name='ocr-system' content='tesseract 3.04.00' />
  <meta name='ocr-capabilities' content='ocr_page ocr_carea ocr_par ocr_line ocrx_word'/>
</head>
<body>
  <div class='ocr_page' id='page_1' title='image "./horatiicarminae00rittgoog/horatiicarminae00rittgoog_0017.png"; bbox 0 0 3884 5525; ppageno 0'>
   <div class='ocr_carea' id='block_1_1' title="bbox 568 632 1482 717">
    <p class='ocr_par' dir='ltr' id='par_1_1' title="bbox 568 632 1482 717">
     <span class='ocr_line' id='line_1_1' title="bbox 568 632 1482 717; baseline -0.001 -31"><span class='ocrx_word' id='word_1_1' title='bbox 568 633 613 686; x_wconf 96' lang='lat' dir='ltr'><strong>lll.</strong></span> <span class='ocrx_word' id='word_1_2' title='bbox 640 634 684 685; x_wconf 81' lang='lat' dir='ltr'><strong>llll</strong></span> <span class='ocrx_word' id='word_1_3' title='bbox 699 632 837 686; x_wconf 79' lang='lat' dir='ltr'><strong>HouaTtt</strong></span> <span class='ocrx_word' id='word_1_4' title='bbox 851 633 1007 687; x_wconf 75' lang='lat' dir='ltr'><strong>tvssutttb</strong></span> <span class='ocrx_word' id='word_1_5' title='bbox 1022 632 1066 687; x_wconf 79' lang='grc' dir='ltr'><strong>ΕΤ</strong></span> <span class='ocrx_word' id='word_1_6' title='bbox 1079 635 1178 689; x_wconf 84' lang='lat' dir='ltr'><strong>DOCT.</strong></span> <span class='ocrx_word' id='word_1_7' title='bbox 1194 637 1274 691; x_wconf 79' lang='lat' dir='ltr'><strong>nott.</strong></span> <span class='ocrx_word' id='word_1_8' title='bbox 1317 632 1326 717; x_wconf 35' lang='grc' dir='ltr'>Ἰ</span> <span class='ocrx_word' id='word_1_9' title='bbox 1427 644 1482 685; x_wconf 82' lang='lat' dir='ltr'><strong>xttt</strong></span> 
     </span>
    </p>
   </div>
   <div class='ocr_carea' id='block_1_2' title="bbox 350 786 1485 1191">
    <p class='ocr_par' dir='ltr' id='par_1_2' title="bbox 350 786 1485 1191">
     <span class='ocr_line' id='line_1_2' title="bbox 351 786 1484 877; baseline 0.006 -26"><span class='ocrx_word' id='word_1_10' title='bbox 351 790 444 851; x_wconf 88' lang='lat' dir='ltr'><strong>etiam</strong></span> <span class='ocrx_word' id='word_1_11' title='bbox 459 787 491 849; x_wconf 93' lang='lat' dir='ltr'><strong>iu</strong></span> <span class='ocrx_word' id='word_1_12' title='bbox 507 786 668 851; x_wconf 88' lang='lat' dir='ltr'><strong>amicitiam</strong></span> <span class='ocrx_word' id='word_1_13' title='bbox 685 798 822 871; x_wconf 85' lang='lat' dir='ltr'><strong>receptus</strong></span> <span class='ocrx_word' id='word_1_14' title='bbox 838 800 896 852; x_wconf 89' lang='lat' dir='ltr'><strong>est.</strong></span> <span class='ocrx_word' id='word_1_15' title='bbox 921 787 1110 873; x_wconf 74' lang='lat' dir='ltr'><strong>Quapropter</strong></span> <span class='ocrx_word' id='word_1_16' title='bbox 1124 789 1288 855; x_wconf 72' lang='lat' dir='ltr'><strong>Maecenati</strong></span> <span class='ocrx_word' id='word_1_17' title='bbox 1303 802 1334 857; x_wconf 89' lang='lat' dir='ltr'><strong>et</strong></span> <span class='ocrx_word' id='word_1_18' title='bbox 1349 792 1484 877; x_wconf 83' lang='lat' dir='ltr'><strong>Augusto</strong></span> 
     </span>
     <span class='ocr_line' id='line_1_3' title="bbox 350 893 1484 982; baseline 0.006 -25"><span class='ocrx_word' id='word_1_19' title='bbox 350 895 384 957; x_wconf 92' lang='lat' dir='ltr'><strong>iu</strong></span> <span class='ocrx_word' id='word_1_20' title='bbox 411 893 550 957; x_wconf 90' lang='lat' dir='ltr'><strong>omnibus</strong></span> <span class='ocrx_word' id='word_1_21' title='bbox 574 894 694 976; x_wconf 88' lang='lat' dir='ltr'><strong>scriptis</strong></span> <span class='ocrx_word' id='word_1_22' title='bbox 724 896 787 957; x_wconf 91' lang='lat' dir='ltr'><strong>suis</strong></span> <span class='ocrx_word' id='word_1_23' title='bbox 812 894 1026 957; x_wconf 90' lang='lat' dir='ltr'><strong>uenerabiliter</strong></span> <span class='ocrx_word' id='word_1_24' title='bbox 1048 898 1191 980; x_wconf 78' lang='lat' dir='ltr'><strong>assurgit.</strong></span> <span class='ocrx_word' id='word_1_25' title='bbox 1231 896 1356 982; x_wconf 80' lang='lat' dir='ltr'><strong>Scripsit</strong></span> <span class='ocrx_word' id='word_1_26' title='bbox 1385 912 1484 964; x_wconf 89' lang='lat' dir='ltr'><strong>autem</strong></span> 
     </span>
     <span class='ocr_line' id='line_1_4' title="bbox 352 999 1485 1091; baseline 0.007 -28"><span class='ocrx_word' id='word_1_27' title='bbox 352 1002 525 1064; x_wconf 83' lang='lat' dir='ltr'><strong>Carminum</strong></span> <span class='ocrx_word' id='word_1_28' title='bbox 542 1000 635 1064; x_wconf 90' lang='lat' dir='ltr'><strong>libros</strong></span> <span class='ocrx_word' id='word_1_29' title='bbox 653 999 716 1078; x_wconf 92' lang='lat' dir='ltr'><strong>llll,</strong></span> <span class='ocrx_word' id='word_1_30' title='bbox 740 1001 862 1085; x_wconf 85' lang='lat' dir='ltr'><strong>Epodou</strong></span> <span class='ocrx_word' id='word_1_31' title='bbox 878 1001 902 1077; x_wconf 89' lang='lat' dir='ltr'><strong>l,</strong></span> <span class='ocrx_word' id='word_1_32' title='bbox 928 1001 1055 1063; x_wconf 80' lang='lat' dir='ltr'><strong>Carmen</strong></span> <span class='ocrx_word' id='word_1_33' title='bbox 1074 1004 1245 1082; x_wconf 78' lang='lat' dir='ltr'><strong>saeculare,</strong></span> <span class='ocrx_word' id='word_1_34' title='bbox 1274 1006 1310 1069; x_wconf 92' lang='lat' dir='ltr'><strong>de</strong></span> <span class='ocrx_word' id='word_1_35' title='bbox 1324 1004 1398 1070; x_wconf 88' lang='lat' dir='ltr'><strong>Arte</strong></span> <span class='ocrx_word' id='word_1_36' title='bbox 1415 1027 1485 1091; x_wconf 65' lang='lat' dir='ltr'><strong>poe,-</strong></span> 
     </span>
     <span class='ocr_line' id='line_1_5' title="bbox 352 1105 1485 1191; baseline 0.004 -20"><span class='ocrx_word' id='word_1_37' title='bbox 352 1108 412 1171; x_wconf 89' lang='lat' dir='ltr'><strong>tiea</strong></span> <span class='ocrx_word' id='word_1_38' title='bbox 429 1108 538 1171; x_wconf 89' lang='lat' dir='ltr'><strong>librum</strong></span> <span class='ocrx_word' id='word_1_39' title='bbox 551 1107 576 1183; x_wconf 92' lang='lat' dir='ltr'><strong>l,</strong></span> <span class='ocrx_word' id='word_1_40' title='bbox 591 1105 766 1169; x_wconf 82' lang='lat' dir='ltr'><strong>Sermonum</strong></span> <span class='ocrx_word' id='word_1_41' title='bbox 783 1107 875 1171; x_wconf 88' lang='lat' dir='ltr'><strong>libros</strong></span> <span class='ocrx_word' id='word_1_42' title='bbox 889 1107 925 1185; x_wconf 88' lang='grc' dir='ltr'><strong>ΙΙ,</strong></span> <span class='ocrx_word' id='word_1_43' title='bbox 942 1108 1144 1191; x_wconf 75' lang='lat' dir='ltr'><strong>Epistularum</strong></span> <span class='ocrx_word' id='word_1_44' title='bbox 1159 1110 1250 1173; x_wconf 92' lang='lat' dir='ltr'><strong>libros</strong></span> <span class='ocrx_word' id='word_1_45' title='bbox 1264 1110 1301 1173; x_wconf 92' lang='lat' dir='ltr'><strong>ll.</strong></span> <span class='ocrx_word' id='word_1_46' title='bbox 1327 1112 1485 1177; x_wconf 85' lang='lat' dir='ltr'><strong>Commen-</strong></span> 
     </span>
    </p>
   </div>
   <div class='ocr_carea' id='block_1_3' title="bbox 353 1186 1755 1383">
    <p class='ocr_par' dir='ltr' id='par_1_3' title="bbox 353 1186 1755 1383">
     <span class='ocr_line' id='line_1_6' title="bbox 354 1186 1755 1371; baseline 0.006 -94"><span class='ocrx_word' id='word_1_47' title='bbox 354 1216 408 1277; x_wconf 89' lang='lat' dir='ltr'><strong>tati</strong></span> <span class='ocrx_word' id='word_1_48' title='bbox 424 1214 541 1316; x_wconf 81' lang='lat' dir='ltr'><strong>suntin</strong></span> <span class='ocrx_word' id='word_1_49' title='bbox 564 1214 645 1276; x_wconf 89' lang='lat' dir='ltr'><strong>illum</strong></span> <span class='ocrx_word' id='word_1_50' title='bbox 662 1212 848 1298; x_wconf 86' lang='lat' dir='ltr'><strong>Porphyrion</strong></span> <span class='ocrx_word' id='word_1_51' title='bbox 863 1215 1017 1279; x_wconf 74' lang='lat' dir='ltr'><strong>Modestus</strong></span> <span class='ocrx_word' id='word_1_52' title='bbox 1033 1227 1064 1279; x_wconf 87' lang='lat' dir='ltr'><strong>et</strong></span> <span class='ocrx_word' id='word_1_53' title='bbox 1080 1214 1222 1279; x_wconf 82' lang='lat' dir='ltr'><strong>Helonius</strong></span> <span class='ocrx_word' id='word_1_54' title='bbox 1233 1216 1351 1299; x_wconf 85' lang='lat' dir='ltr'><strong>Acron,</strong></span> <span class='ocrx_word' id='word_1_55' title='bbox 1370 1220 1484 1283; x_wconf 63' lang='lat' dir='ltr'><strong>,melius</strong></span> <span class='ocrx_word' id='word_1_56' title='bbox 1505 1234 1520 1283; x_wconf 83' lang='lat'>5</span> <span class='ocrx_word' id='word_1_57' title='bbox 1717 1186 1755 1371; x_wconf 60' lang='lat'><strong>⁴</strong></span> 
     </span>
     <span class='ocr_line' id='line_1_7' title="bbox 353 1319 622 1383; baseline -0.011 -1"><span class='ocrx_word' id='word_1_58' title='bbox 353 1322 456 1383; x_wconf 87' lang='lat' dir='ltr'><strong>Acron</strong></span> <span class='ocrx_word' id='word_1_59' title='bbox 472 1319 622 1383; x_wconf 87' lang='lat' dir='ltr'><strong>omuibus.</strong></span> 
     </span>
    </p>
   </div>
   <div class='ocr_carea' id='block_1_4' title="bbox 429 1546 1413 1791">
    <p class='ocr_par' dir='ltr' id='par_1_4' title="bbox 429 1546 1413 1791">
     <span class='ocr_line' id='line_1_8' title="bbox 773 1546 947 1608; baseline 0.006 -1"><span class='ocrx_word' id='word_1_60' title='bbox 773 1592 776 1597; x_wconf 85' lang='lat'><strong>.</strong></span> <span class='ocrx_word' id='word_1_61' title='bbox 886 1546 947 1608; x_wconf 91' lang='lat'><strong>111.</strong></span> 
     </span>
     <span class='ocr_line' id='line_1_9' title="bbox 429 1695 1413 1791; baseline 0 -31"><span class='ocrx_word' id='word_1_62' title='bbox 429 1698 482 1760; x_wconf 78' lang='lat' dir='ltr'><strong>DE</strong></span> <span class='ocrx_word' id='word_1_63' title='bbox 506 1695 670 1791; x_wconf 80' lang='lat' dir='ltr'><strong>llORAl&#39;ll</strong></span> <span class='ocrx_word' id='word_1_64' title='bbox 687 1695 868 1760; x_wconf 79' lang='lat' dir='ltr'><strong>PVERll&#39;lA</strong></span> <span class='ocrx_word' id='word_1_65' title='bbox 891 1696 942 1760; x_wconf 82' lang='grc' dir='ltr'><strong>ΕΤ</strong></span> <span class='ocrx_word' id='word_1_66' title='bbox 964 1695 1208 1760; x_wconf 77' lang='lat' dir='ltr'><strong>nuctcutttvs</strong></span> <span class='ocrx_word' id='word_1_67' title='bbox 1231 1697 1413 1763; x_wconf 82' lang='lat' dir='ltr'><strong>ROMANlS.</strong></span> 
     </span>
    </p>
   </div>
   <div class='ocr_carea' id='block_1_5' title="bbox 287 1868 1591 3972">
    <p class='ocr_par' dir='ltr' id='par_1_5' title="bbox 349 1868 1534 3334">
     <span class='ocr_line' id='line_1_10' title="bbox 443 1868 1487 1955; baseline 0.003 -24"><span class='ocrx_word' id='word_1_68' title='bbox 443 1868 607 1951; x_wconf 78' lang='lat' dir='ltr'><strong>Praecipua</strong></span> <span class='ocrx_word' id='word_1_69' title='bbox 623 1868 703 1931; x_wconf 86' lang='lat' dir='ltr'><strong>uitae</strong></span> <span class='ocrx_word' id='word_1_70' title='bbox 719 1868 901 1931; x_wconf 89' lang='lat' dir='ltr'><strong>Horatianae</strong></span> <span class='ocrx_word' id='word_1_71' title='bbox 917 1880 1050 1952; x_wconf 87' lang='lat' dir='ltr'><strong>tempora</strong></span> <span class='ocrx_word' id='word_1_72' title='bbox 1066 1888 1100 1931; x_wconf 92' lang='lat' dir='ltr'><strong>ac</strong></span> <span class='ocrx_word' id='word_1_73' title='bbox 1122 1888 1222 1931; x_wconf 90' lang='lat' dir='ltr'><strong>rerum</strong></span> <span class='ocrx_word' id='word_1_74' title='bbox 1247 1881 1395 1933; x_wconf 89' lang='lat' dir='ltr'><strong>momenta</strong></span> <span class='ocrx_word' id='word_1_75' title='bbox 1420 1890 1487 1955; x_wconf 92' lang='lat' dir='ltr'><strong>per·</strong></span> 
     </span>
     <span class='ocr_line' id='line_1_11' title="bbox 357 1974 1488 2061; baseline -0.001 -21"><span class='ocrx_word' id='word_1_76' title='bbox 357 1986 482 2040; x_wconf 89' lang='lat' dir='ltr'><strong>secutus</strong></span> <span class='ocrx_word' id='word_1_77' title='bbox 507 1986 553 2038; x_wconf 87' lang='lat' dir='ltr'><strong>est</strong></span> <span class='ocrx_word' id='word_1_78' title='bbox 575 1974 750 2038; x_wconf 87' lang='lat' dir='ltr'><strong>Suetonius.</strong></span> <span class='ocrx_word' id='word_1_79' title='bbox 779 1974 844 2037; x_wconf 88' lang='lat' dir='ltr'><strong>Nos</strong></span> <span class='ocrx_word' id='word_1_80' title='bbox 870 1975 1020 2059; x_wconf 89' lang='lat' dir='ltr'><strong>complere</strong></span> <span class='ocrx_word' id='word_1_81' title='bbox 1048 1974 1188 2038; x_wconf 90' lang='lat' dir='ltr'><strong>nonnulla</strong></span> <span class='ocrx_word' id='word_1_82' title='bbox 1212 1977 1386 2039; x_wconf 86' lang='lat' dir='ltr'><strong>conabimur</strong></span> <span class='ocrx_word' id='word_1_83' title='bbox 1411 1997 1488 2061; x_wconf 87' lang='lat' dir='ltr'><strong>qnae</strong></span> 
     </span>
     <span class='ocr_line' id='line_1_12' title="bbox 358 2080 1488 2165; baseline 0.004 -22"><span class='ocrx_word' id='word_1_84' title='bbox 358 2081 421 2143; x_wconf 91' lang='lat' dir='ltr'><strong>sint</strong></span> <span class='ocrx_word' id='word_1_85' title='bbox 435 2081 544 2143; x_wconf 90' lang='lat' dir='ltr'><strong>idonea</strong></span> <span class='ocrx_word' id='word_1_86' title='bbox 559 2080 596 2142; x_wconf 89' lang='lat' dir='ltr'><strong>ad</strong></span> <span class='ocrx_word' id='word_1_87' title='bbox 611 2081 779 2143; x_wconf 88' lang='lat' dir='ltr'><strong>uosceudos</strong></span> <span class='ocrx_word' id='word_1_88' title='bbox 795 2080 854 2144; x_wconf 92' lang='lat' dir='ltr'><strong>uiri</strong></span> <span class='ocrx_word' id='word_1_89' title='bbox 875 2100 975 2145; x_wconf 90' lang='lat' dir='ltr'><strong>mores</strong></span> <span class='ocrx_word' id='word_1_90' title='bbox 999 2092 1029 2144; x_wconf 89' lang='lat' dir='ltr'><strong>et</strong></span> <span class='ocrx_word' id='word_1_91' title='bbox 1050 2080 1203 2165; x_wconf 86' lang='lat' dir='ltr'><strong>ingenium</strong></span> <span class='ocrx_word' id='word_1_92' title='bbox 1225 2094 1307 2146; x_wconf 88' lang='lat' dir='ltr'><strong>recte</strong></span> <span class='ocrx_word' id='word_1_93' title='bbox 1327 2084 1488 2147; x_wconf 87' lang='lat' dir='ltr'><strong>aestiman-</strong></span> 
     </span>
     <span class='ocr_line' id='line_1_13' title="bbox 358 2186 1488 2271; baseline 0.004 -24"><span class='ocrx_word' id='word_1_94' title='bbox 358 2188 439 2248; x_wconf 92' lang='lat' dir='ltr'><strong>dum.</strong></span> <span class='ocrx_word' id='word_1_95' title='bbox 459 2186 606 2249; x_wconf 86' lang='lat' dir='ltr'><strong>lufautiae</strong></span> <span class='ocrx_word' id='word_1_96' title='bbox 620 2208 715 2251; x_wconf 91' lang='lat' dir='ltr'><strong>anuos</strong></span> <span class='ocrx_word' id='word_1_97' title='bbox 730 2186 882 2251; x_wconf 88' lang='lat' dir='ltr'><strong>Venusiae</strong></span> <span class='ocrx_word' id='word_1_98' title='bbox 896 2187 988 2270; x_wconf 90' lang='lat' dir='ltr'><strong>degit.</strong></span> <span class='ocrx_word' id='word_1_99' title='bbox 1011 2186 1138 2250; x_wconf 89' lang='lat' dir='ltr'><strong>Matrem</strong></span> <span class='ocrx_word' id='word_1_100' title='bbox 1156 2186 1268 2271; x_wconf 89' lang='lat' dir='ltr'><strong>pridem</strong></span> <span class='ocrx_word' id='word_1_101' title='bbox 1283 2189 1324 2252; x_wconf 89' lang='lat' dir='ltr'><strong>ibi</strong></span> <span class='ocrx_word' id='word_1_102' title='bbox 1341 2200 1488 2255; x_wconf 90' lang='lat' dir='ltr'><strong>mortuam</strong></span> 
     </span>
     <span class='ocr_line' id='line_1_14' title="bbox 358 2270 1485 2379; baseline 0.004 -24"><span class='ocrx_word' id='word_1_103' title='bbox 358 2314 427 2355; x_wconf 90' lang='lat' dir='ltr'><strong>esse</strong></span> <span class='ocrx_word' id='word_1_104' title='bbox 449 2312 491 2353; x_wconf 81' lang='lat' dir='ltr'><strong>ex</strong></span> <span class='ocrx_word' id='word_1_105' title='bbox 512 2292 631 2356; x_wconf 89' lang='lat' dir='ltr'><strong>silentio</strong></span> <span class='ocrx_word' id='word_1_106' title='bbox 652 2293 692 2375; x_wconf 89' lang='lat' dir='ltr'><strong>pii</strong></span> <span class='ocrx_word' id='word_1_107' title='bbox 714 2293 767 2356; x_wconf 91' lang='lat' dir='ltr'><strong>lilii</strong></span> <span class='ocrx_word' id='word_1_108' title='bbox 789 2294 825 2355; x_wconf 90' lang='lat' dir='ltr'><strong>dc</strong></span> <span class='ocrx_word' id='word_1_109' title='bbox 847 2304 932 2376; x_wconf 89' lang='lat' dir='ltr'><strong>patre</strong></span> <span class='ocrx_word' id='word_1_110' title='bbox 954 2295 1048 2357; x_wconf 88' lang='lat' dir='ltr'><strong>multa</strong></span> <span class='ocrx_word' id='word_1_111' title='bbox 1068 2270 1218 2357; x_wconf 74' lang='lat' dir='ltr'><strong>narrantis</strong></span> <span class='ocrx_word' id='word_1_112' title='bbox 1242 2296 1383 2379; x_wconf 83' lang='lat' dir='ltr'><strong>colligere</strong></span> <span class='ocrx_word' id='word_1_113' title='bbox 1402 2296 1485 2359; x_wconf 91' lang='lat' dir='ltr'><strong>licet.</strong></span> 
     </span>
     <span class='ocr_line' id='line_1_15' title="bbox 360 2398 1534 2483; baseline 0.003 -23"><span class='ocrx_word' id='word_1_114' title='bbox 360 2399 486 2461; x_wconf 86' lang='lat' dir='ltr'><strong>luiautis</strong></span> <span class='ocrx_word' id='word_1_115' title='bbox 502 2398 655 2461; x_wconf 92' lang='lat' dir='ltr'><strong>audaciam</strong></span> <span class='ocrx_word' id='word_1_116' title='bbox 673 2409 702 2462; x_wconf 93' lang='lat' dir='ltr'><strong>et</strong></span> <span class='ocrx_word' id='word_1_117' title='bbox 717 2410 883 2482; x_wconf 90' lang='lat' dir='ltr'><strong>promptum</strong></span> <span class='ocrx_word' id='word_1_118' title='bbox 905 2400 1035 2462; x_wconf 90' lang='lat' dir='ltr'><strong>animum</strong></span> <span class='ocrx_word' id='word_1_119' title='bbox 1051 2398 1201 2462; x_wconf 82' lang='lat' dir='ltr'><strong>Venusiae</strong></span> <span class='ocrx_word' id='word_1_120' title='bbox 1223 2400 1305 2463; x_wconf 90' lang='lat' dir='ltr'><strong>ciues</strong></span> <span class='ocrx_word' id='word_1_121' title='bbox 1328 2421 1489 2483; x_wconf 91' lang='lat' dir='ltr'><strong>eorumque</strong></span> <span class='ocrx_word' id='word_1_122' title='bbox 1530 2414 1534 2419; x_wconf 87' lang='lat'>&#39;</span> 
     </span>
     <span class='ocr_line' id='line_1_16' title="bbox 359 2504 1490 2590; baseline 0.002 -23"><span class='ocrx_word' id='word_1_123' title='bbox 359 2506 494 2567; x_wconf 88' lang='lat' dir='ltr'><strong>locorum</strong></span> <span class='ocrx_word' id='word_1_124' title='bbox 511 2504 610 2566; x_wconf 89' lang='lat' dir='ltr'><strong>coloni</strong></span> <span class='ocrx_word' id='word_1_125' title='bbox 626 2524 715 2590; x_wconf 87' lang='lat' dir='ltr'><strong>saepe</strong></span> <span class='ocrx_word' id='word_1_126' title='bbox 731 2505 827 2567; x_wconf 90' lang='lat' dir='ltr'><strong>mirati</strong></span> <span class='ocrx_word' id='word_1_127' title='bbox 850 2516 938 2581; x_wconf 88' lang='lat' dir='ltr'><strong>suut,</strong></span> <span class='ocrx_word' id='word_1_128' title='bbox 961 2514 994 2568; x_wconf 92' lang='lat' dir='ltr'><strong>ut</strong></span> <span class='ocrx_word' id='word_1_129' title='bbox 1015 2504 1077 2567; x_wconf 90' lang='lat' dir='ltr'><strong>rari</strong></span> <span class='ocrx_word' id='word_1_130' title='bbox 1099 2504 1209 2587; x_wconf 90' lang='lat' dir='ltr'><strong>ingenii</strong></span> <span class='ocrx_word' id='word_1_131' title='bbox 1232 2505 1378 2567; x_wconf 88' lang='lat' dir='ltr'><strong>scintillae</strong></span> <span class='ocrx_word' id='word_1_132' title='bbox 1400 2526 1490 2589; x_wconf 90' lang='lat' dir='ltr'><strong>quae·</strong></span> 
     </span>
     <span class='ocr_line' id='line_1_17' title="bbox 360 2608 1491 2695; baseline 0.002 -22"><span class='ocrx_word' id='word_1_133' title='bbox 360 2612 429 2673; x_wconf 90' lang='lat' dir='ltr'><strong>dam</strong></span> <span class='ocrx_word' id='word_1_134' title='bbox 444 2631 499 2695; x_wconf 89' lang='lat' dir='ltr'><strong>per</strong></span> <span class='ocrx_word' id='word_1_135' title='bbox 513 2611 639 2695; x_wconf 89' lang='lat' dir='ltr'><strong>primam</strong></span> <span class='ocrx_word' id='word_1_136' title='bbox 654 2622 782 2673; x_wconf 87' lang='lat' dir='ltr'><strong>aetatem</strong></span> <span class='ocrx_word' id='word_1_137' title='bbox 797 2612 827 2673; x_wconf 93' lang='lat' dir='ltr'><strong>in</strong></span> <span class='ocrx_word' id='word_1_138' title='bbox 845 2611 960 2694; x_wconf 88' lang='lat' dir='ltr'><strong>maguis</strong></span> <span class='ocrx_word' id='word_1_139' title='bbox 976 2608 1144 2673; x_wconf 91' lang='lat' dir='ltr'><strong>bominibus</strong></span> <span class='ocrx_word' id='word_1_140' title='bbox 1160 2610 1259 2673; x_wconf 89' lang='lat' dir='ltr'><strong>solent</strong></span> <span class='ocrx_word' id='word_1_141' title='bbox 1269 2612 1408 2673; x_wconf 89' lang='lat' dir='ltr'><strong>emicare.</strong></span> <span class='ocrx_word' id='word_1_142' title='bbox 1428 2612 1491 2675; x_wconf 91' lang='lat' dir='ltr'><strong>lloc</strong></span> 
     </span>
     <span class='ocr_line' id='line_1_18' title="bbox 361 2715 1490 2801; baseline -0.002 -21"><span class='ocrx_word' id='word_1_143' title='bbox 361 2718 426 2801; x_wconf 92' lang='lat' dir='ltr'><strong>ipse</strong></span> <span class='ocrx_word' id='word_1_144' title='bbox 441 2717 570 2780; x_wconf 88' lang='lat' dir='ltr'><strong>iueoude</strong></span> <span class='ocrx_word' id='word_1_145' title='bbox 585 2716 724 2781; x_wconf 89' lang='lat' dir='ltr'><strong>narrauit</strong></span> <span class='ocrx_word' id='word_1_146' title='bbox 739 2717 854 2797; x_wconf 78' lang='lat' dir='ltr'><strong>(Caum.</strong></span> <span class='ocrx_word' id='word_1_147' title='bbox 873 2717 912 2781; x_wconf 98' lang='lat' dir='ltr'><strong>lll</strong></span> <span class='ocrx_word' id='word_1_148' title='bbox 929 2721 948 2780; x_wconf 88' lang='grc'>4</span> <span class='ocrx_word' id='word_1_149' title='bbox 965 2718 1110 2798; x_wconf 82' lang='lat'><strong>9-20).</strong></span> <span class='ocrx_word' id='word_1_150' title='bbox 1136 2716 1213 2778; x_wconf 92' lang='lat' dir='ltr'><strong>ldem</strong></span> <span class='ocrx_word' id='word_1_151' title='bbox 1236 2715 1376 2780; x_wconf 77' lang='lat' dir='ltr'><strong>infantiae</strong></span> <span class='ocrx_word' id='word_1_152' title='bbox 1392 2717 1422 2778; x_wconf 92' lang='lat' dir='ltr'><strong>iu</strong></span> <span class='ocrx_word' id='word_1_153' title='bbox 1439 2738 1490 2800; x_wconf 95' lang='lat' dir='ltr'><strong>op-</strong></span> 
     </span>
     <span class='ocr_line' id='line_1_19' title="bbox 361 2821 1489 2908; baseline -0.002 -22"><span class='ocrx_word' id='word_1_154' title='bbox 361 2825 431 2908; x_wconf 94' lang='lat' dir='ltr'><strong>pido</strong></span> <span class='ocrx_word' id='word_1_155' title='bbox 446 2823 603 2887; x_wconf 90' lang='lat' dir='ltr'><strong>Venusino</strong></span> <span class='ocrx_word' id='word_1_156' title='bbox 624 2835 709 2887; x_wconf 90' lang='lat' dir='ltr'><strong>actae</strong></span> <span class='ocrx_word' id='word_1_157' title='bbox 732 2824 852 2888; x_wconf 89' lang='lat' dir='ltr'><strong>breuem</strong></span> <span class='ocrx_word' id='word_1_158' title='bbox 875 2824 1054 2888; x_wconf 89' lang='lat' dir='ltr'><strong>mentionem</strong></span> <span class='ocrx_word' id='word_1_159' title='bbox 1076 2823 1179 2886; x_wconf 89' lang='lat' dir='ltr'><strong>iniecit</strong></span> <span class='ocrx_word' id='word_1_160' title='bbox 1194 2823 1224 2885; x_wconf 92' lang='lat' dir='ltr'><strong>iu</strong></span> <span class='ocrx_word' id='word_1_161' title='bbox 1241 2821 1432 2885; x_wconf 88' lang='lat' dir='ltr'><strong>Sermonibus</strong></span> <span class='ocrx_word' id='word_1_162' title='bbox 1449 2822 1489 2904; x_wconf 93' lang='lat' dir='ltr'><strong>(ll</strong></span> 
     </span>
     <span class='ocr_line' id='line_1_20' title="bbox 349 2912 1493 3016; baseline -0.002 -24"><span class='ocrx_word' id='word_1_163' title='bbox 349 2933 381 3016; x_wconf 27' lang='lat'><strong>‚2</strong></span> <span class='ocrx_word' id='word_1_164' title='bbox 408 2933 502 3011; x_wconf 78' lang='lat'>112):</span> <span class='ocrx_word' id='word_1_165' title='bbox 523 2951 606 3014; x_wconf 82' lang='lat' dir='ltr'><strong>puer</strong></span> <span class='ocrx_word' id='word_1_166' title='bbox 627 2930 710 2993; x_wconf 81' lang='lat' dir='ltr'><strong>bunc</strong></span> <span class='ocrx_word' id='word_1_167' title='bbox 731 2953 792 3014; x_wconf 84' lang='lat' dir='ltr'><strong>ego</strong></span> <span class='ocrx_word' id='word_1_168' title='bbox 811 2951 932 3015; x_wconf 75' lang='lat' dir='ltr'><strong>pomus</strong></span> <span class='ocrx_word' id='word_1_169' title='bbox 958 2927 1094 3014; x_wconf 82' lang='lat' dir='ltr'><strong>Ofellum</strong></span> <span class='ocrx_word' id='word_1_170' title='bbox 1122 2912 1258 3014; x_wconf 76' lang='lat' dir='ltr'><strong>integris</strong></span> <span class='ocrx_word' id='word_1_171' title='bbox 1283 2927 1393 3014; x_wconf 82' lang='lat' dir='ltr'><strong>opibus</strong></span> <span class='ocrx_word' id='word_1_172' title='bbox 1416 2930 1493 2990; x_wconf 80' lang='lat' dir='ltr'><strong>noui</strong></span> 
     </span>
     <span class='ocr_line' id='line_1_21' title="bbox 360 3034 1489 3121; baseline -0.004 -21"><span class='ocrx_word' id='word_1_173' title='bbox 360 3041 536 3101; x_wconf 78' lang='lat' dir='ltr'><strong>oculatius</strong></span> <span class='ocrx_word' id='word_1_174' title='bbox 548 3058 638 3100; x_wconf 77' lang='lat' dir='ltr'><strong>usam</strong></span> <span class='ocrx_word' id='word_1_175' title='bbox 656 3057 747 3121; x_wconf 81' lang='lat' dir='ltr'><strong>quom</strong></span> <span class='ocrx_word' id='word_1_176' title='bbox 767 3058 851 3098; x_wconf 79' lang='lat' dir='ltr'><strong>nunc</strong></span> <span class='ocrx_word' id='word_1_177' title='bbox 871 3038 996 3098; x_wconf 78' lang='lat' dir='ltr'><strong>occisis.</strong></span> <span class='ocrx_word' id='word_1_178' title='bbox 1027 3034 1117 3099; x_wconf 85' lang='lat' dir='ltr'><strong>Recte</strong></span> <span class='ocrx_word' id='word_1_179' title='bbox 1138 3035 1241 3100; x_wconf 83' lang='lat' dir='ltr'><strong>scribit</strong></span> <span class='ocrx_word' id='word_1_180' title='bbox 1256 3057 1338 3120; x_wconf 83' lang='lat' dir='ltr'><strong>puer</strong></span> <span class='ocrx_word' id='word_1_181' title='bbox 1355 3055 1489 3119; x_wconf 76' lang='lat' dir='ltr'><strong>puratos,</strong></span> 
     </span>
     <span class='ocr_line' id='line_1_22' title="bbox 361 3141 1490 3228; baseline -0.003 -22"><span class='ocrx_word' id='word_1_182' title='bbox 361 3166 424 3206; x_wconf 93' lang='lat' dir='ltr'><strong>uou</strong></span> <span class='ocrx_word' id='word_1_183' title='bbox 442 3165 533 3228; x_wconf 80' lang='lat' dir='ltr'><strong>puer.</strong></span> <span class='ocrx_word' id='word_1_184' title='bbox 564 3143 641 3206; x_wconf 84' lang='lat' dir='ltr'><strong>Natu</strong></span> <span class='ocrx_word' id='word_1_185' title='bbox 662 3141 842 3224; x_wconf 84' lang='lat' dir='ltr'><strong>simulatque</strong></span> <span class='ocrx_word' id='word_1_186' title='bbox 864 3142 900 3204; x_wconf 92' lang='lat' dir='ltr'><strong>ad</strong></span> <span class='ocrx_word' id='word_1_187' title='bbox 921 3161 974 3204; x_wconf 89' lang='lat' dir='ltr'><strong>eos</strong></span> <span class='ocrx_word' id='word_1_188' title='bbox 995 3163 1090 3206; x_wconf 90' lang='lat' dir='ltr'><strong>anuos</strong></span> <span class='ocrx_word' id='word_1_189' title='bbox 1115 3154 1274 3225; x_wconf 88' lang='lat' dir='ltr'><strong>prouectus</strong></span> <span class='ocrx_word' id='word_1_190' title='bbox 1297 3153 1360 3217; x_wconf 89' lang='lat' dir='ltr'><strong>est,</strong></span> <span class='ocrx_word' id='word_1_191' title='bbox 1385 3141 1490 3224; x_wconf 88' lang='lat' dir='ltr'><strong>quibus</strong></span> 
     </span>
     <span class='ocr_line' id='line_1_23' title="bbox 362 3248 1492 3334; baseline -0.002 -22"><span class='ocrx_word' id='word_1_192' title='bbox 362 3271 524 3334; x_wconf 86' lang='lat' dir='ltr'><strong>puerorum</strong></span> <span class='ocrx_word' id='word_1_193' title='bbox 540 3249 631 3314; x_wconf 88' lang='lat' dir='ltr'><strong>animi</strong></span> <span class='ocrx_word' id='word_1_194' title='bbox 640 3248 911 3330; x_wconf 70' lang='lat' dir='ltr'><strong>putibus&#39;bonestis</strong></span> <span class='ocrx_word' id='word_1_195' title='bbox 926 3249 1038 3310; x_wconf 88' lang='lat' dir='ltr'><strong>erudiri</strong></span> <span class='ocrx_word' id='word_1_196' title='bbox 1054 3260 1085 3311; x_wconf 91' lang='lat' dir='ltr'><strong>et</strong></span> <span class='ocrx_word' id='word_1_197' title='bbox 1106 3251 1142 3312; x_wconf 89' lang='lat' dir='ltr'><strong>ad</strong></span> <span class='ocrx_word' id='word_1_198' title='bbox 1165 3249 1376 3312; x_wconf 86' lang='lat' dir='ltr'><strong>humanitatem</strong></span> <span class='ocrx_word' id='word_1_199' title='bbox 1398 3249 1492 3311; x_wconf 89' lang='lat' dir='ltr'><strong>iulor·</strong></span> 
     </span>
    </p>

    <p class='ocr_par' dir='ltr' id='par_1_6' title="bbox 287 3347 1591 3972">
     <span class='ocr_line' id='line_1_24' title="bbox 287 3347 1492 3440; baseline -0.002 -22"><span class='ocrx_word' id='word_1_200' title='bbox 287 3347 297 3364; x_wconf 87' lang='grc'><strong><em>’</em></strong></span> <span class='ocrx_word' id='word_1_201' title='bbox 361 3357 438 3420; x_wconf 88' lang='lat' dir='ltr'><strong>mari</strong></span> <span class='ocrx_word' id='word_1_202' title='bbox 461 3357 577 3435; x_wconf 89' lang='lat' dir='ltr'><strong>solent,</strong></span> <span class='ocrx_word' id='word_1_203' title='bbox 602 3367 687 3439; x_wconf 88' lang='lat' dir='ltr'><strong>pater</strong></span> <span class='ocrx_word' id='word_1_204' title='bbox 707 3355 793 3417; x_wconf 92' lang='lat' dir='ltr'><strong>bouis</strong></span> <span class='ocrx_word' id='word_1_205' title='bbox 819 3356 1078 3440; x_wconf 87' lang='lat' dir='ltr'><strong>praeceptoribus,</strong></span> <span class='ocrx_word' id='word_1_206' title='bbox 1108 3377 1181 3437; x_wconf 90' lang='lat' dir='ltr'><strong>qnos</strong></span> <span class='ocrx_word' id='word_1_207' title='bbox 1207 3357 1237 3419; x_wconf 90' lang='lat' dir='ltr'><strong>iu</strong></span> <span class='ocrx_word' id='word_1_208' title='bbox 1265 3355 1371 3438; x_wconf 94' lang='lat' dir='ltr'><strong>oppido</strong></span> <span class='ocrx_word' id='word_1_209' title='bbox 1396 3355 1492 3438; x_wconf 89' lang='lat' dir='ltr'><strong>patrio</strong></span> 
     </span>
     <span class='ocr_line' id='line_1_25' title="bbox 363 3461 1492 3546; baseline 0 -22"><span class='ocrx_word' id='word_1_210' title='bbox 363 3464 476 3524; x_wconf 80' lang='lat' dir='ltr'><strong>trustra</strong></span> <span class='ocrx_word' id='word_1_211' title='bbox 491 3461 674 3544; x_wconf 85' lang='lat' dir='ltr'><strong>requirebat,</strong></span> <span class='ocrx_word' id='word_1_212' title='bbox 692 3461 781 3523; x_wconf 87' lang='lat' dir='ltr'><strong>lilium</strong></span> <span class='ocrx_word' id='word_1_213' title='bbox 798 3463 961 3525; x_wconf 89' lang='lat' dir='ltr'><strong>traditurus</strong></span> <span class='ocrx_word' id='word_1_214' title='bbox 977 3461 1099 3524; x_wconf 85' lang='lat' dir='ltr'><strong>Romam</strong></span> <span class='ocrx_word' id='word_1_215' title='bbox 1117 3462 1351 3546; x_wconf 85' lang='lat' dir='ltr'><strong>transmigrauit.</strong></span> <span class='ocrx_word' id='word_1_216' title='bbox 1371 3461 1402 3524; x_wconf 95' lang='lat' dir='ltr'><strong>ln</strong></span> <span class='ocrx_word' id='word_1_217' title='bbox 1419 3461 1492 3524; x_wconf 87' lang='lat' dir='ltr'><strong>urbe</strong></span> 
     </span>
     <span class='ocr_line' id='line_1_26' title="bbox 363 3565 1591 3651; baseline -0.002 -20"><span class='ocrx_word' id='word_1_218' title='bbox 363 3579 451 3651; x_wconf 90' lang='lat' dir='ltr'><strong>pater</strong></span> <span class='ocrx_word' id='word_1_219' title='bbox 465 3588 574 3651; x_wconf 90' lang='lat' dir='ltr'><strong>paruas</strong></span> <span class='ocrx_word' id='word_1_220' title='bbox 589 3567 742 3631; x_wconf 90' lang='lat' dir='ltr'><strong>mercedes</strong></span> <span class='ocrx_word' id='word_1_221' title='bbox 757 3580 880 3630; x_wconf 90' lang='lat' dir='ltr'><strong>coactor</strong></span> <span class='ocrx_word' id='word_1_222' title='bbox 894 3578 1016 3630; x_wconf 89' lang='lat' dir='ltr'><strong>secutus</strong></span> <span class='ocrx_word' id='word_1_223' title='bbox 1032 3577 1095 3644; x_wconf 89' lang='lat' dir='ltr'><strong>est,</strong></span> <span class='ocrx_word' id='word_1_224' title='bbox 1120 3579 1153 3628; x_wconf 92' lang='lat' dir='ltr'><strong>ut</strong></span> <span class='ocrx_word' id='word_1_225' title='bbox 1174 3568 1231 3630; x_wconf 92' lang='lat' dir='ltr'><strong>sibi</strong></span> <span class='ocrx_word' id='word_1_226' title='bbox 1251 3567 1363 3632; x_wconf 89' lang='lat' dir='ltr'><strong>nictum</strong></span> <span class='ocrx_word' id='word_1_227' title='bbox 1386 3578 1416 3629; x_wconf 94' lang='lat' dir='ltr'><strong>et</strong></span> <span class='ocrx_word' id='word_1_228' title='bbox 1431 3565 1492 3630; x_wconf 88' lang='lat' dir='ltr'><strong>lilio</strong></span> <span class='ocrx_word' id='word_1_229' title='bbox 1586 3641 1591 3650; x_wconf 45' lang='lat'><strong>,</strong></span> 
     </span>
     <span class='ocr_line' id='line_1_27' title="bbox 362 3659 1493 3757; baseline 0 -21"><span class='ocrx_word' id='word_1_230' title='bbox 362 3674 539 3737; x_wconf 87' lang='lat' dir='ltr'><strong>necessaria</strong></span> <span class='ocrx_word' id='word_1_231' title='bbox 566 3685 696 3757; x_wconf 88' lang='lat' dir='ltr'><strong>pararet.</strong></span> <span class='ocrx_word' id='word_1_232' title='bbox 728 3674 809 3757; x_wconf 90' lang='lat' dir='ltr'><strong>Lege</strong></span> <span class='ocrx_word' id='word_1_233' title='bbox 835 3659 950 3737; x_wconf 87' lang='lat' dir='ltr'><strong>dulcem</strong></span> <span class='ocrx_word' id='word_1_234' title='bbox 974 3668 1183 3736; x_wconf 58' lang='lat' dir='ltr'><strong>&#39;narrationem</strong></span> <span class='ocrx_word' id='word_1_235' title='bbox 1210 3675 1240 3734; x_wconf 93' lang='lat' dir='ltr'><strong>in</strong></span> <span class='ocrx_word' id='word_1_236' title='bbox 1268 3673 1405 3736; x_wconf 87' lang='lat' dir='ltr'><strong>Sermou.</strong></span> <span class='ocrx_word' id='word_1_237' title='bbox 1436 3672 1446 3734; x_wconf 98' lang='lat' dir='ltr'><strong>l</strong></span> <span class='ocrx_word' id='word_1_238' title='bbox 1474 3676 1493 3736; x_wconf 86' lang='grc'><strong>6</strong></span> 
     </span>
     <span class='ocr_line' id='line_1_28' title="bbox 362 3778 1494 3865; baseline 0.001 -23"><span class='ocrx_word' id='word_1_239' title='bbox 362 3779 505 3842; x_wconf 74' lang='lat' dir='ltr'><strong>tte-288.</strong></span> <span class='ocrx_word' id='word_1_240' title='bbox 532 3779 564 3841; x_wconf 89' lang='lat' dir='ltr'><strong>ln</strong></span> <span class='ocrx_word' id='word_1_241' title='bbox 586 3780 698 3843; x_wconf 85' lang='lat' dir='ltr'><strong>sobolis</strong></span> <span class='ocrx_word' id='word_1_242' title='bbox 713 3781 855 3844; x_wconf 82' lang='lat' dir='ltr'><strong>Romanis</strong></span> <span class='ocrx_word' id='word_1_243' title='bbox 875 3800 950 3865; x_wconf 91' lang='lat' dir='ltr'><strong>puer</strong></span> <span class='ocrx_word' id='word_1_244' title='bbox 971 3789 1074 3862; x_wconf 91' lang='lat' dir='ltr'><strong>poetas</strong></span> <span class='ocrx_word' id='word_1_245' title='bbox 1091 3778 1213 3842; x_wconf 91' lang='lat' dir='ltr'><strong>Latinos</strong></span> <span class='ocrx_word' id='word_1_246' title='bbox 1236 3789 1266 3840; x_wconf 90' lang='lat' dir='ltr'><strong>ct</strong></span> <span class='ocrx_word' id='word_1_247' title='bbox 1282 3779 1414 3843; x_wconf 89' lang='lat' dir='ltr'><strong>Graecos</strong></span> <span class='ocrx_word' id='word_1_248' title='bbox 1437 3781 1494 3843; x_wconf 90' lang='lat' dir='ltr'><strong>rite</strong></span> 
     </span>
     <span class='ocr_line' id='line_1_29' title="bbox 363 3883 1492 3972; baseline 0.001 -23"><span class='ocrx_word' id='word_1_249' title='bbox 363 3888 469 3972; x_wconf 89' lang='lat' dir='ltr'><strong>legere</strong></span> <span class='ocrx_word' id='word_1_250' title='bbox 481 3897 512 3950; x_wconf 89' lang='lat' dir='ltr'><strong>et</strong></span> <span class='ocrx_word' id='word_1_251' title='bbox 526 3907 598 3969; x_wconf 86' lang='lat' dir='ltr'><strong>prae</strong></span> <span class='ocrx_word' id='word_1_252' title='bbox 610 3886 720 3948; x_wconf 88' lang='lat' dir='ltr'><strong>ceteris</strong></span> <span class='ocrx_word' id='word_1_253' title='bbox 734 3886 894 3949; x_wconf 87' lang='lat' dir='ltr'><strong>Homerum</strong></span> <span class='ocrx_word' id='word_1_254' title='bbox 905 3886 1044 3949; x_wconf 84' lang='lat' dir='ltr'><strong>admirari</strong></span> <span class='ocrx_word' id='word_1_255' title='bbox 1062 3883 1181 3964; x_wconf 81' lang='lat' dir='ltr'><strong>didicit3</strong></span> <span class='ocrx_word' id='word_1_256' title='bbox 1200 3883 1264 3968; x_wconf 86' lang='lat' dir='ltr'><strong>Epl.</strong></span> <span class='ocrx_word' id='word_1_257' title='bbox 1276 3884 1302 3947; x_wconf 98' lang='lat' dir='ltr'><strong>ll</strong></span> <span class='ocrx_word' id='word_1_258' title='bbox 1319 3889 1337 3948; x_wconf 86' lang='lat'>2</span> <span class='ocrx_word' id='word_1_259' title='bbox 1354 3889 1394 3948; x_wconf 81' lang='lat'><strong>42</strong></span> <span class='ocrx_word' id='word_1_260' title='bbox 1403 3888 1492 3965; x_wconf 87' lang='grc'>-43,</span> 
     </span>
    </p>
   </div>
   <div class='ocr_carea' id='block_1_6' title="bbox 346 4013 1496 4699">
    <p class='ocr_par' dir='ltr' id='par_1_7' title="bbox 346 4013 1496 4699">
     <span class='ocr_line' id='line_1_30' title="bbox 346 4013 1494 4084; baseline 0.002 -16"><span class='ocrx_word' id='word_1_261' title='bbox 346 4053 350 4060; x_wconf 79' lang='lat'><strong>·</strong></span> <span class='ocrx_word' id='word_1_262' title='bbox 434 4019 458 4069; x_wconf 90' lang='lat' dir='ltr'><strong>l.</strong></span> <span class='ocrx_word' id='word_1_263' title='bbox 479 4016 622 4068; x_wconf 85' lang='lat' dir='ltr'><strong>amiciciam</strong></span> <span class='ocrx_word' id='word_1_264' title='bbox 636 4017 668 4066; x_wconf 85' lang='lat' dir='ltr'><strong>ll.</strong></span> <span class='ocrx_word' id='word_1_265' title='bbox 782 4015 808 4066; x_wconf 82' lang='lat'><strong>3.</strong></span> <span class='ocrx_word' id='word_1_266' title='bbox 829 4013 934 4081; x_wconf 80' lang='lat' dir='ltr'><strong>Epodou</strong></span> <span class='ocrx_word' id='word_1_267' title='bbox 949 4015 969 4080; x_wconf 92' lang='lat' dir='ltr'><strong>l,</strong></span> <span class='ocrx_word' id='word_1_268' title='bbox 988 4016 1095 4066; x_wconf 84' lang='lat' dir='ltr'><strong>Carmen</strong></span> <span class='ocrx_word' id='word_1_269' title='bbox 1109 4013 1254 4082; x_wconf 85' lang='lat' dir='ltr'><strong>saeculare]</strong></span> <span class='ocrx_word' id='word_1_270' title='bbox 1276 4016 1378 4084; x_wconf 83' lang='lat' dir='ltr'><strong>llpodon</strong></span> <span class='ocrx_word' id='word_1_271' title='bbox 1392 4035 1494 4070; x_wconf 87' lang='lat' dir='ltr'><strong>carmen</strong></span> 
     </span>
     <span class='ocr_line' id='line_1_31' title="bbox 362 4083 1496 4152; baseline 0.001 -14"><span class='ocrx_word' id='word_1_272' title='bbox 362 4087 447 4138; x_wconf 83' lang='lat' dir='ltr'><strong>solare</strong></span> <span class='ocrx_word' id='word_1_273' title='bbox 462 4087 499 4152; x_wconf 87' lang='lat' dir='ltr'><strong>H,</strong></span> <span class='ocrx_word' id='word_1_274' title='bbox 527 4086 635 4136; x_wconf 86' lang='lat' dir='ltr'><strong>Carmen</strong></span> <span class='ocrx_word' id='word_1_275' title='bbox 648 4121 655 4134; x_wconf 99' lang='lat'><strong>.</strong></span> <span class='ocrx_word' id='word_1_276' title='bbox 668 4084 807 4134; x_wconf 90' lang='lat' dir='ltr'><strong>Saeculare</strong></span> <span class='ocrx_word' id='word_1_277' title='bbox 820 4123 826 4134; x_wconf 94' lang='lat'><strong>.</strong></span> <span class='ocrx_word' id='word_1_278' title='bbox 838 4085 940 4151; x_wconf 81' lang='lat' dir='ltr'><strong>llpodou</strong></span> <span class='ocrx_word' id='word_1_279' title='bbox 955 4087 994 4148; x_wconf 90' lang='lat' dir='ltr'><strong>A,</strong></span> <span class='ocrx_word' id='word_1_280' title='bbox 1022 4084 1125 4151; x_wconf 86' lang='lat' dir='ltr'><strong>Epodou</strong></span> <span class='ocrx_word' id='word_1_281' title='bbox 1139 4083 1156 4132; x_wconf 93' lang='lat' dir='ltr'><strong>l.</strong></span> <span class='ocrx_word' id='word_1_282' title='bbox 1173 4083 1280 4135; x_wconf 82' lang='lat' dir='ltr'><strong>Currrren</strong></span> <span class='ocrx_word' id='word_1_283' title='bbox 1300 4089 1416 4138; x_wconf 89' lang='lat' dir='ltr'><strong>seculare</strong></span> <span class='ocrx_word' id='word_1_284' title='bbox 1430 4089 1496 4140; x_wconf 84' lang='lat' dir='ltr'><strong>Cru-</strong></span> 
     </span>
     <span class='ocr_line' id='line_1_32' title="bbox 362 4154 1495 4222; baseline 0.001 -16"><span class='ocrx_word' id='word_1_285' title='bbox 362 4161 454 4222; x_wconf 82' lang='lat' dir='ltr'><strong>quiua.</strong></span> <span class='ocrx_word' id='word_1_286' title='bbox 569 4155 661 4203; x_wconf 78' lang='grc'><strong>3-4.</strong></span> <span class='ocrx_word' id='word_1_287' title='bbox 681 4155 712 4202; x_wconf 92' lang='lat' dir='ltr'><strong>de</strong></span> <span class='ocrx_word' id='word_1_288' title='bbox 727 4155 788 4202; x_wconf 75' lang='lat' dir='ltr'><strong>Arte</strong></span> <span class='ocrx_word' id='word_1_289' title='bbox 807 4155 905 4218; x_wconf 84' lang='lat' dir='ltr'><strong>poetica</strong></span> <span class='ocrx_word' id='word_1_290' title='bbox 921 4155 940 4204; x_wconf 95' lang='lat' dir='ltr'><strong>l.</strong></span> <span class='ocrx_word' id='word_1_291' title='bbox 956 4154 1106 4218; x_wconf 83' lang='lat' dir='ltr'><strong>Cruan&#39;us,</strong></span> <span class='ocrx_word' id='word_1_292' title='bbox 1134 4157 1183 4217; x_wconf 72' lang='lat' dir='ltr'><strong>part</strong></span> <span class='ocrx_word' id='word_1_293' title='bbox 1202 4156 1348 4206; x_wconf 81' lang='lat' dir='ltr'><strong>transtulit</strong></span> <span class='ocrx_word' id='word_1_294' title='bbox 1365 4161 1394 4206; x_wconf 86' lang='lat' dir='ltr'><strong>r&#39;o</strong></span> <span class='ocrx_word' id='word_1_295' title='bbox 1408 4158 1495 4208; x_wconf 84' lang='lat' dir='ltr'><strong>Iocum</strong></span> 
     </span>
     <span class='ocr_line' id='line_1_33' title="bbox 361 4221 1386 4290; baseline 0 -15"><span class='ocrx_word' id='word_1_296' title='bbox 361 4230 540 4290; x_wconf 74' lang='lat' dir='ltr'><strong>postremam,</strong></span> <span class='ocrx_word' id='word_1_297' title='bbox 563 4223 662 4272; x_wconf 75' lang='lat' dir='ltr'><strong>deuote</strong></span> <span class='ocrx_word' id='word_1_298' title='bbox 675 4223 774 4288; x_wconf 85' lang='lat' dir='ltr'><strong>poetica</strong></span> <span class='ocrx_word' id='word_1_299' title='bbox 789 4222 847 4270; x_wconf 87' lang='lat' dir='ltr'><strong>libri</strong></span> <span class='ocrx_word' id='word_1_300' title='bbox 861 4224 964 4286; x_wconf 81' lang='lat' dir='ltr'><strong>(uoluit</strong></span> <span class='ocrx_word' id='word_1_301' title='bbox 976 4223 1012 4272; x_wconf 74' lang='lat' dir='ltr'><strong>tre</strong></span> <span class='ocrx_word' id='word_1_302' title='bbox 1027 4221 1060 4283; x_wconf 83' lang='lat' dir='ltr'><strong>l.)</strong></span> <span class='ocrx_word' id='word_1_303' title='bbox 1074 4223 1107 4284; x_wconf 92' lang='lat' dir='ltr'><strong>A,</strong></span> <span class='ocrx_word' id='word_1_304' title='bbox 1128 4223 1159 4270; x_wconf 94' lang='lat' dir='ltr'><strong>de</strong></span> <span class='ocrx_word' id='word_1_305' title='bbox 1173 4230 1228 4272; x_wconf 89' lang='lat' dir='ltr'><strong>arte</strong></span> <span class='ocrx_word' id='word_1_306' title='bbox 1242 4225 1341 4288; x_wconf 87' lang='lat' dir='ltr'><strong>poetica</strong></span> <span class='ocrx_word' id='word_1_307' title='bbox 1355 4227 1386 4275; x_wconf 90' lang='lat' dir='ltr'><strong>H.</strong></span> 
     </span>
     <span class='ocr_line' id='line_1_34' title="bbox 362 4289 1494 4361; baseline 0.002 -18"><span class='ocrx_word' id='word_1_308' title='bbox 362 4296 388 4344; x_wconf 84' lang='grc'><strong>4.</strong></span> <span class='ocrx_word' id='word_1_309' title='bbox 410 4293 583 4358; x_wconf 83' lang='lat' dir='ltr'><strong>Epistularum</strong></span> <span class='ocrx_word' id='word_1_310' title='bbox 595 4290 642 4340; x_wconf 86' lang='lat' dir='ltr'><strong>lib.</strong></span> <span class='ocrx_word' id='word_1_311' title='bbox 658 4291 679 4341; x_wconf 94' lang='lat' dir='ltr'><strong>ll</strong></span> <span class='ocrx_word' id='word_1_312' title='bbox 696 4290 843 4340; x_wconf 88' lang='lat' dir='ltr'><strong>Sermonum</strong></span> <span class='ocrx_word' id='word_1_313' title='bbox 858 4290 901 4341; x_wconf 79' lang='lat' dir='ltr'><strong>titt.</strong></span> <span class='ocrx_word' id='word_1_314' title='bbox 919 4291 961 4341; x_wconf 88' lang='lat' dir='ltr'><strong>·ll·</strong></span> <span class='ocrx_word' id='word_1_315' title='bbox 977 4294 1010 4352; x_wconf 89' lang='lat' dir='ltr'><strong>A,</strong></span> <span class='ocrx_word' id='word_1_316' title='bbox 1031 4289 1176 4340; x_wconf 86' lang='lat' dir='ltr'><strong>Serrncnurn</strong></span> <span class='ocrx_word' id='word_1_317' title='bbox 1191 4291 1270 4342; x_wconf 87' lang='lat' dir='ltr'><strong>libros</strong></span> <span class='ocrx_word' id='word_1_318' title='bbox 1285 4293 1353 4344; x_wconf 93' lang='lat' dir='ltr'><strong>·llll·</strong></span> <span class='ocrx_word' id='word_1_319' title='bbox 1374 4293 1494 4361; x_wconf 83' lang='lat' dir='ltr'><strong>llplarum</strong></span> 
     </span>
     <span class='ocr_line' id='line_1_35' title="bbox 364 4357 1494 4427; baseline -0.001 -16"><span class='ocrx_word' id='word_1_320' title='bbox 364 4378 463 4427; x_wconf 78' lang='lat' dir='ltr'><strong>quoque</strong></span> <span class='ocrx_word' id='word_1_321' title='bbox 477 4361 558 4410; x_wconf 91' lang='lat' dir='ltr'><strong>libros</strong></span> <span class='ocrx_word' id='word_1_322' title='bbox 573 4358 615 4408; x_wconf 68' lang='lat' dir='ltr'><strong>‘ll‘</strong></span> <span class='ocrx_word' id='word_1_323' title='bbox 627 4360 659 4421; x_wconf 85' lang='lat' dir='ltr'><strong>H,</strong></span> <span class='ocrx_word' id='word_1_324' title='bbox 681 4359 829 4408; x_wconf 90' lang='lat' dir='ltr'><strong>Sermonum</strong></span> <span class='ocrx_word' id='word_1_325' title='bbox 842 4359 886 4409; x_wconf 92' lang='lat' dir='ltr'><strong>lib.</strong></span> <span class='ocrx_word' id='word_1_326' title='bbox 901 4359 931 4409; x_wconf 88' lang='lat' dir='ltr'><strong>tt.</strong></span> <span class='ocrx_word' id='word_1_327' title='bbox 947 4359 1120 4424; x_wconf 83' lang='lat' dir='ltr'><strong>Epistolaruut</strong></span> <span class='ocrx_word' id='word_1_328' title='bbox 1136 4357 1165 4408; x_wconf 94' lang='lat' dir='ltr'><strong>ll.</strong></span> <span class='ocrx_word' id='word_1_329' title='bbox 1183 4361 1328 4426; x_wconf 82' lang='lat' dir='ltr'><strong>Crupur&#39;us.</strong></span> <span class='ocrx_word' id='word_1_330' title='bbox 1430 4365 1454 4412; x_wconf 85' lang='lat'><strong>5.</strong></span> <span class='ocrx_word' id='word_1_331' title='bbox 1469 4364 1494 4411; x_wconf 93' lang='lat' dir='ltr'><strong>in</strong></span> 
     </span>
     <span class='ocr_line' id='line_1_36' title="bbox 364 4425 1496 4494; baseline -0.003 -14"><span class='ocrx_word' id='word_1_332' title='bbox 364 4448 404 4480; x_wconf 88' lang='lat' dir='ltr'><strong>om</strong></span> <span class='ocrx_word' id='word_1_333' title='bbox 417 4431 449 4480; x_wconf 87' lang='lat' dir='ltr'><strong>H.</strong></span> <span class='ocrx_word' id='word_1_334' title='bbox 516 4425 826 4494; x_wconf 83' lang='lat' dir='ltr'><strong>Porphyrioublodestus]</strong></span> <span class='ocrx_word' id='word_1_335' title='bbox 840 4428 989 4494; x_wconf 87' lang='lat' dir='ltr'><strong>Porpbirion</strong></span> <span class='ocrx_word' id='word_1_336' title='bbox 1000 4427 1128 4477; x_wconf 86' lang='lat' dir='ltr'><strong>blodestus</strong></span> <span class='ocrx_word' id='word_1_337' title='bbox 1137 4431 1168 4490; x_wconf 88' lang='lat' dir='ltr'><strong>A,</strong></span> <span class='ocrx_word' id='word_1_338' title='bbox 1189 4431 1350 4494; x_wconf 88' lang='lat' dir='ltr'><strong>porpbirioo·</strong></span> <span class='ocrx_word' id='word_1_339' title='bbox 1366 4429 1496 4480; x_wconf 85' lang='lat' dir='ltr'><strong>Modestus</strong></span> 
     </span>
     <span class='ocr_line' id='line_1_37' title="bbox 367 4495 1496 4565; baseline -0.003 -16"><span class='ocrx_word' id='word_1_340' title='bbox 367 4500 398 4561; x_wconf 85' lang='lat' dir='ltr'><strong>ll,</strong></span> <span class='ocrx_word' id='word_1_341' title='bbox 413 4498 582 4565; x_wconf 85' lang='lat' dir='ltr'><strong>Porphyrion,</strong></span> <span class='ocrx_word' id='word_1_342' title='bbox 597 4495 729 4546; x_wconf 87' lang='lat' dir='ltr'><strong>blodestus</strong></span> <span class='ocrx_word' id='word_1_343' title='bbox 738 4497 881 4562; x_wconf 74' lang='lat' dir='ltr'><strong>Crispulus.</strong></span> <span class='ocrx_word' id='word_1_344' title='bbox 984 4497 1060 4546; x_wconf 77' lang='lat'><strong>5-6.</strong></span> <span class='ocrx_word' id='word_1_345' title='bbox 1076 4505 1102 4545; x_wconf 90' lang='lat' dir='ltr'><strong>et</strong></span> <span class='ocrx_word' id='word_1_346' title='bbox 1114 4497 1168 4545; x_wconf 90' lang='lat' dir='ltr'><strong>llel.</strong></span> <span class='ocrx_word' id='word_1_347' title='bbox 1177 4525 1212 4533; x_wconf 88' lang='lat'><em>-</em></span> <span class='ocrx_word' id='word_1_348' title='bbox 1222 4495 1350 4564; x_wconf 86' lang='lat' dir='ltr'><strong>omnibus]</strong></span> <span class='ocrx_word' id='word_1_349' title='bbox 1362 4505 1388 4556; x_wconf 87' lang='lat'>&gt;</span> <span class='ocrx_word' id='word_1_350' title='bbox 1401 4497 1445 4561; x_wconf 92' lang='lat'><strong>(=</strong></span> <span class='ocrx_word' id='word_1_351' title='bbox 1459 4498 1496 4564; x_wconf 91' lang='lat' dir='ltr'><strong>et)</strong></span> 
     </span>
     <span class='ocr_line' id='line_1_38' title="bbox 369 4565 1496 4629; baseline 0.002 -15"><span class='ocrx_word' id='word_1_352' title='bbox 369 4567 487 4618; x_wconf 86' lang='lat' dir='ltr'><strong>lleleuius</strong></span> <span class='ocrx_word' id='word_1_353' title='bbox 500 4595 506 4604; x_wconf 90' lang='lat'><strong>·</strong></span> <span class='ocrx_word' id='word_1_354' title='bbox 519 4581 600 4615; x_wconf 85' lang='lat' dir='ltr'><strong>acron</strong></span> <span class='ocrx_word' id='word_1_355' title='bbox 613 4593 618 4602; x_wconf 91' lang='lat'><strong>·</strong></span> <span class='ocrx_word' id='word_1_356' title='bbox 631 4565 747 4614; x_wconf 92' lang='lat' dir='ltr'><strong>omuibus</strong></span> <span class='ocrx_word' id='word_1_357' title='bbox 759 4565 850 4615; x_wconf 89' lang='lat' dir='ltr'><strong>melius</strong></span> <span class='ocrx_word' id='word_1_358' title='bbox 858 4566 891 4629; x_wconf 84' lang='lat' dir='ltr'><strong>A,</strong></span> <span class='ocrx_word' id='word_1_359' title='bbox 911 4565 993 4614; x_wconf 89' lang='lat' dir='ltr'><strong>belen&#39;</strong></span> <span class='ocrx_word' id='word_1_360' title='bbox 1007 4591 1012 4602; x_wconf 91' lang='lat'><strong>·</strong></span> <span class='ocrx_word' id='word_1_361' title='bbox 1025 4571 1051 4614; x_wconf 87' lang='lat' dir='ltr'><strong>et</strong></span> <span class='ocrx_word' id='word_1_362' title='bbox 1064 4580 1139 4614; x_wconf 88' lang='lat' dir='ltr'><strong>acron</strong></span> <span class='ocrx_word' id='word_1_363' title='bbox 1153 4603 1158 4613; x_wconf 90' lang='lat'><strong>.</strong></span> <span class='ocrx_word' id='word_1_364' title='bbox 1170 4565 1260 4614; x_wconf 88' lang='lat' dir='ltr'><strong>melius</strong></span> <span class='ocrx_word' id='word_1_365' title='bbox 1275 4582 1350 4616; x_wconf 88' lang='lat' dir='ltr'><strong>acron</strong></span> <span class='ocrx_word' id='word_1_366' title='bbox 1364 4602 1369 4614; x_wconf 94' lang='lat'><strong>.</strong></span> <span class='ocrx_word' id='word_1_367' title='bbox 1382 4565 1496 4616; x_wconf 87' lang='lat' dir='ltr'><strong>omuibus</strong></span> 
     </span>
     <span class='ocr_line' id='line_1_39' title="bbox 370 4633 1235 4699; baseline -0.005 -15"><span class='ocrx_word' id='word_1_368' title='bbox 370 4637 401 4699; x_wconf 84' lang='lat' dir='ltr'><strong>ll,</strong></span> <span class='ocrx_word' id='word_1_369' title='bbox 421 4636 547 4688; x_wconf 90' lang='lat' dir='ltr'><strong>lleleuius</strong></span> <span class='ocrx_word' id='word_1_370' title='bbox 560 4634 654 4698; x_wconf 75' lang='lat' dir='ltr'><strong>berou,</strong></span> <span class='ocrx_word' id='word_1_371' title='bbox 668 4633 777 4683; x_wconf 88' lang='lat' dir='ltr'><strong>omnium</strong></span> <span class='ocrx_word' id='word_1_372' title='bbox 791 4642 876 4684; x_wconf 86' lang='lat' dir='ltr'><strong>autem</strong></span> <span class='ocrx_word' id='word_1_373' title='bbox 888 4635 980 4699; x_wconf 88' lang='lat' dir='ltr'><strong>optime</strong></span> <span class='ocrx_word' id='word_1_374' title='bbox 990 4634 1235 4697; x_wconf 80' lang='lat' dir='ltr'><strong>AcronCrupua&#39;ua.</strong></span> 
     </span>
    </p>
   </div>
   <div class='ocr_carea' id='block_1_7' title="bbox 0 0 1962 5525">
    <p class='ocr_par' dir='ltr' id='par_1_8' title="bbox 0 0 1962 5525">
     <span class='ocr_line' id='line_1_40' title="bbox 0 0 1962 5525; baseline 0 0"><span class='ocrx_word' id='word_1_375' title='bbox 0 0 1962 5525; x_wconf 95' lang='lat' dir='ltr'><strong> </strong></span> 
     </span>
    </p>
   </div>
  </div>
 </body>
</html>
