3884 5525
790 627 969 682 ctlttlitivil
989 628 1011 680 ii
1031 631 1056 680 l.

569 799 710 876 Pompei,
728 813 866 862 meorum
883 801 982 876 prime
998 797 1173 861 sodalium?

571 926 641 974 eum
657 924 718 986 qtitt
734 915 906 973 morantem
921 925 1016 988 saepe
1030 911 1110 972 diem
1127 923 1212 972 mero

570 1023 651 1098 b'egi
670 1027 839 1084 coronatus
855 1022 991 1084 nitentes

570 1133 762 1195 malobathro
778 1130 873 1208 Syrio
888 1134 1030 1210 capillos.

570 1289 675 1348 tecum
690 1282 849 1361 Philippos
863 1290 897 1346 et
911 1286 1045 1348 celerem
1061 1285 1166 1362 urgan

569 1397 666 1473 sensi,
685 1396 794 1458 relicta
811 1393 875 1458 non'
888 1397 967 1458 bene
981 1397 1134 1474 parmula,
1459 1406 1488 1454 to

430 1621 456 1670 5.
474 1620 557 1686 pompi
570 1619 628 1683 Ait,
650 1618 754 1686 Pompili
768 1600 845 1684 lng.
955 1621 981 1670 6.
1001 1635 1060 1686 sepe
1074 1619 1156 1670 BGH.
1271 1621 1295 1668 l.
1316 1617 1486 1680 nitenttsilg.

365 1689 390 1738 8.
407 1686 567 1740 llulobathro
582 1688 613 1752 G,
632 1689 699 1738 molo
712 1689 802 1739 balbro
815 1689 857 1738 A:
876 1663 1019 1738 lfflobatro
1033 1689 1090 1752 bii,
1110 1685 1178 1738 Malo
1192 1685 1264 1738 bairo
1274 1703 1304 1754 g.

363 1927 455 1980 destris
466 1929 592 1978 mamonis
605 1927 791 1993 scriptoribus,
811 1943 858 1977 non
872 1929 904 1980 de
947 1933 1086 1995 unguenta
1094 1966 1102 1992 ,
1110 1928 1256 1993 fertiliora
1274 1925 1389 1977 maedam
1401 1925 1489 1991 Aegy-

363 1996 453 2061 poetia,
473 1995 514 2047 Cl.
528 1995 677 2047 Porcellinii
692 1995 804 2047 benicon
820 2013 843 2047 s.
856 2014 882 2048 u.
918 1993 927 2007 '
944 2004 1009 2064 pto‚·
1030 1997 1169 2047 laudatius
1190 2002 1279 2047 tamea
1300 2011 1334 2045 aa
1347 1994 1424 2045 ludia
1443 2009 1489 2043 ae-
1570 2001 1575 2010 ·

412 2067 437 2116 5.
458 2065 576 2130 Pompei,
590 2080 711 2115 meorum
723 2070 813 2130 prime
824 2066 904 2116 soda-
946 2071 998 2116 alt.
1027 2065 1090 2116 ilinc
1109 2065 1178 2116 disee
1198 2066 1299 2132 proprie
1320 2065 1414 2114 dictum
1433 2077 1489 2112 essa
1546 2065 1549 2078 '

363 2134 444 2183 lium:
458 2134 491 2184 ab
504 2134 552 2184 boc
564 2133 682 2199 Pompeio
695 2131 762 2183 Varo
776 2134 903 2198 distingue
945 2135 1058 2202 Syriam
1069 2135 1254 2184 malobathrum
1265 2133 1343 2199 (conl.
1357 2131 1376 2182 ii
1390 2132 1416 2182 11
1433 2132 1486 2194 16),

362 2200 505 2267 Pompeium
515 2201 779 2268 Grospbnm‚qnemll
796 2204 904 2253 ibaiio-
946 2211 1024 2268 utque
1055 2219 1143 2254 errare
1168 2204 1320 2269 interpretes
1344 2201 1386 2268 qni
1410 2200 1490 2250 maio-

363 2278 496 2334 culusum,
512 2270 570 2337 Epi.
587 2270 595 2320 l
612 2271 642 2320 12
656 2271 787 2334 laudauit3
804 2275 902 2338 prima,
945 2271 1063 2322 bntbrum
1077 2271 1189 2322 indicum
1209 2273 1239 2322 de
1260 2271 1335 2338 Syria
1354 2270 1488 2319 aduectum

362 2339 387 2389 i.
411 2355 434 2389 e.
461 2355 511 2404 qno
539 2340 620 2406 primo
645 2355 705 2389 nans
729 2355 783 2389 sum
810 2341 901 2392 sodali.
946 2341 1083 2406 accipiant.
1114 2339 1220 2389 Scilicet
1245 2339 1298 2388 lodi
1327 2338 1373 2388 snb
1397 2337 1490 2404 prinei-

362 2407 442 2457 Aaron
456 2402 816 2490 interpretntnr‘praacipne‚
830 2409 904 2458 cuins
946 2416 1007 2474 patu
1022 2407 1142 2458 Caesaris
1155 2407 1263 2472 Augusti
1276 2408 1319 2457 diu
1332 2407 1421 2456 auditu
1434 2413 1491 2454 tao·

361 2484 507 2526 annoanlo
528 2491 614 2526 oannes
629 2475 680 2526 sit.
703 2473 795 2526 Varum
815 2478 904 2527 amicir
946 2484 999 2526 tum
1013 2477 1107 2538 cogniti
1121 2483 1195 2526 erant
1210 2475 1326 2540 (Sueten.
1342 2476 1405 2537 Aug.
1421 2473 1474 2535 ti).

362 2543 438 2594 Vario
462 2552 490 2594 et
507 2543 638 2609 Vergilio,
660 2543 803 2595 Maecenati
821 2541 905 2612 Septi·
929 2575 940 2596 0
999 2545 1093 2594 9-12.
1111 2543 1151 2593 lix
1163 2545 1269 2594 miiitiae
1280 2543 1410 2592 laboribus
1423 2555 1490 2591 com-

360 2613 458 2678 rnioqna
484 2615 550 2662 bunc
571 2612 730 2680 Pompeium,
755 2615 830 2665 cuius
853 2629 904 2664 nno
946 2614 1057 2663 maniter
1081 2612 1198 2663 toleratis
1225 2612 1322 2662 cladem
1347 2610 1490 2676 Philippen-

361 2682 471 2732 earmina
495 2683 650 2732 mentionem
677 2682 754 2745 lecit,
776 2683 904 2747 praeferri
947 2697 1000 2732 aem
1022 2689 1201 2732 commemorat
1222 2681 1247 2730 in
1269 2695 1348 2745 eaque
1369 2687 1398 2730 at
1417 2679 1442 2728 iu
1461 2693 1489 2728 ra

361 2750 481 2802 lloratins
493 2752 595 2802 minimo
608 2751 706 2815 uomit,
727 2751 771 2802 aad
784 2753 810 2801 in
823 2754 904 2818 prima
946 2751 1020 2816 grani
1034 2752 1191 2816 aliquantum
1204 2750 1363 2801 immoratur.

204 2841 207 2864 ι
306 2821 494 2871 .iuuantate
507 2822 690 2871 consuetudine
705 2821 818 2871 iiliusse
831 2836 904 2871 nsum
999 2821 1024 2871 9.
1047 2822 1184 2939 Ptr'bffpor
1203 2826 1230 2870 ot
1248 2819 1488 2884 oelmomsagams

361 2889 623 2955 aasapcuieaausest.
947 2906 995 2939 non
1009 2898 1048 2940 est
1067 2885 1097 2939 ἓν
1129 2885 1157 2939 ιὰ
1171 2888 1249 2939 doctr
1261 2884 1435 2955 prn‘calerem
1450 2885 1490 2935 lu-

409 2958 502 3008 6-1.
529 2973 590 3008 oum
608 2973 661 3024 qao
673 2984 707 2995 —-
718 2960 818 3023 fregi.-
842 2972 903 3008 cam
946 2972 1003 3023 gam
1016 2958 1040 3007 in
1055 2958 1151 3024 proelio
1164 2950 1343 3023 Philippensi'‚
1361 2955 1406 3005 sed
1420 2954 1489 3020 prius

360 3042 412 3091 quo
423 3026 527 3089 scribit,
542 3043 589 3077 non
603 3040 727 3091 quocum,
741 3040 772 3075 ne
784 3027 850 3077 ictus
864 3027 904 3076 in·
945 3027 1096 3077 uocnbninnr
1121 3028 1200 3093 ipsam
1221 3040 1328 3092 pugnarn
1348 3024 1490 3089 Philippen-

360 3102 433 3158 prata
445 3096 562 3158 caderet,
577 3103 655 3160 atque
667 3095 771 3144 solitum
785 3096 889 3145 citaret.
945 3110 1016 3158 seru,
1037 3096 1144 3147 alterum
1164 3102 1282 3146 euentu·
1302 3102 1328 3145 et
1346 3093 1419 3144 linem
1433 3093 1489 3143 eins

410 3164 436 3214 6.
455 3171 608 3214 morantem
622 3162 703 3227 caepa
715 3163 802 3213 diem.-
818 3165 903 3227 cogita
946 3172 1028 3215 uolat.

361 3231 425 3281 diem
438 3248 488 3297 qno
500 3233 585 3283 munia
597 3232 667 3282 nulla
677 3233 793 3283 obeunda
804 3241 902 3296 essent,
1001 3234 1041 3285 io.
1068 3232 1164 3283 relicta
1187 3248 1240 3282 noa
1264 3234 1325 3282 boae
1343 3231 1487 3297 parabata:

360 3300 402 3349 uel
419 3302 520 3365 qualem
543 3302 598 3366 ipse
619 3300 754 3366 descripsit
775 3302 800 3351 in
823 3302 903 3368 epodo
946 3318 999 3351 noa
1020 3304 1082 3352 bona
1095 3296 1157 3365 (οὐκ
1174 3295 1300 3367 ἀγαθαῖς)
1315 3308 1355 3351 est
1367 3300 1490 3364 aoasor·

363 3367 402 3420 it.
429 3367 525 3419 Varum
545 3370 673 3419 tribunum
691 3370 801 3419 militnm
821 3370 903 3420 fnisse
948 3375 1023 3433 tiler,
1039 3370 1488 3435 ntboaasdnxdicitnrprosortt'.

361 3436 384 3486 iu
397 3438 486 3488 eadam
507 3454 563 3489 cunt
577 3438 682 3488 lloratio
702 3438 801 3501 legione
820 3440 904 3488 conie-
947 3438 1072 3500 Flaccus,
1093 3440 1199 3489 inbellis
1219 3454 1252 3487 ac
1265 3440 1369 3501 firmas
1389 3452 1488 3504 parum

361 3506 451 3556 aerim.
521 3522 596 3557 maro
607 3509 706 3572 fregi.-
727 3504 902 3575 Porphyrion:
947 3506 1040 3572 (Epod.
1058 3508 1067 3556 i
1086 3508 1139 3569 16),
1155 3506 1254 3568 lugiens
1266 3523 1298 3556 ex
1312 3507 1367 3557 acie
1376 3522 1490 3572 parmo·
1507 3510 1511 3519 ’

360 3567 444 3641 {fregi
454 3583 539 3625 autom
554 3576 623 3625 diem
634 3576 735 3625 uidetur
743 3592 788 3642 pro
799 3592 830 3626 eo
838 3576 904 3641 qnod
947 3578 1019 3637 lam,
1041 3576 1059 3627 i.
1080 3592 1104 3625 e.
1125 3575 1233 3639 clipeum
1254 3575 1387 3641 paruulum
1405 3582 1431 3623 et
1450 3588 1490 3622 ro-

362 3650 400 3692 ast
423 3644 508 3694 diuma·
529 3644 642 3708 dixisse,
667 3651 697 3692 nt
716 3652 823 3694 necata
841 3646 904 3694 bora
947 3644 1067 3705 tundam,
1094 3642 1206 3693 sortasse
1236 3644 1363 3708 proprium
1393 3641 1489 3691 tribuni

349 3712 490 3775 ¹signilieet
513 3727 540 3763 se
565 3728 642 3777 saepe
665 3708 801 3778 epulatos'.
829 3712 904 3763 immo
946 3711 1067 3762 militaris
1098 3718 1244 3773 gestamen,
1270 3710 1390 3774 reliquit,
1416 3710 1441 3759 b.
1464 3726 1488 3760 e.

362 3795 417 3830 enm
429 3781 487 3831 dies
505 3781 605 3831 tordius
618 3782 655 3831 ire
668 3782 800 3831 uideretur
812 3790 838 3831 et
850 3783 905 3831 lon·
947 3782 1030 3830 sciens
1060 3780 1182 3828 arinulam
1196 3779 1307 3840 abiecit,
1330 3778 1415 3843 idque,
1436 3779 1490 3844 opi-

361 3864 406 3911 gns
419 3864 494 3912 essa,
514 3850 624 3915 potando
642 3864 737 3899 moram
751 3851 806 3900 eins
822 3850 905 3915 trega·
948 3864 1010 3909 nor,
1035 3794 1096 3897 (leit
1117 3862 1147 3895 nc
1169 3855 1351 3910 agnosceretur
1371 3847 1490 3896 tribunus

361 3924 420 3967 ruat
431 3918 517 3980 amici,
532 3919 559 3968 b.
570 3934 594 3968 a.
608 3918 685 3968 hilari
698 3927 825 3969 conuentu
839 3919 905 3969 iacc-
947 3917 1065 3967 rnilitum.
1085 3913 1148 3965 Nam
1167 3916 1296 3965 triumuiri
1309 3916 1386 3966 dnccs
1398 3924 1424 3967 et
1436 3930 1491 3965 nm-

362 3993 434 4049 rnnt‚
454 3992 484 4036 ut
495 3986 617 4037 celeriter
628 3986 694 4050 iret,
713 3995 742 4038 nt
754 3988 847 4037 morari
861 3989 906 4038 de·
948 3986 1072 4048 gistratus
1109 3984 1217 4035 interfici
1257 3984 1388 4035 iusserunt
1424 3984 1489 4048 (iiio

361 4054 465 4105 sineret.
948 4052 1042 4105 xhvii
1058 4052 1114 4113 tbi.
1135 4052 1207 4117 Quod
1220 4051 1328 4104 Flaccus
1346 4068 1411 4104 nnnc
1430 4069 1490 4104 con-

412 4124 488 4173 7-8.
505 4128 693 4173 coronatar-
704 4124 833 4188 capillos.-
847 4123 905 4174 bre·
948 4123 1033 4173 lessus
1046 4128 1101 4184 est,
1120 4122 1144 4171 id
1159 4123 1224 4172 hand
1238 4122 1313 4173 dnbio
1326 4138 1387 4172 nere
1400 4123 1437 4172 sic
1449 4137 1489 4171 ao·

361 4190 428 4241 niter
445 4192 512 4242 dixit
524 4188 685 4257 pro‘ooroua
698 4194 786 4242 dorum
798 4200 905 4243 ornatus
947 4192 1010 4242 cidit
1034 4206 1114 4255 neque
1139 4192 1239 4241 crimini
1263 4192 1312 4257 ipsi
1341 4192 1489 4253 uertendum

361 4265 385 4307 at
408 4260 528 4325 perinsus
551 4260 712 4312 malobathro
737 4260 829 4328 Syrio,
854 4278 904 4327 qno
948 4268 997 4311 cst.
1018 4259 1118 4311 Etenim
1135 4276 1183 4309 nou
1198 4276 1245 4311 sua
1257 4268 1345 4327 sponte
1359 4261 1383 4310 in
1397 4260 1490 4310 heilmn

362 4326 472 4378 niterent
493 4324 607 4395 capilli'3
631 4330 805 4380 malobathro
823 4330 905 4397 Syrio
947 4329 1078 4395 proiectus
1099 4336 1170 4392 erat,
1191 4330 1234 4379 sed
1257 4337 1360 4380 coactus
1380 4328 1490 4378 abruto

360 4398 479 4459 pendota
493 4402 611 4448 attentas
618 4434 627 4461 ,
649 4399 696 4447 boc
713 4413 729 4448 a
746 4406 902 4450 coronatur.
948 4406 1047 4461 matum
1061 4398 1142 4447 locum
1153 4398 1275 4449 omiserat
1288 4398 1357 4464 (llpl.
1370 4397 1391 4447 ii
1406 4398 1420 4446 2
1434 4397 1489 4459 lb),

362 4463 398 4513 lle
416 4466 577 4516 malobathro
594 4474 723 4531 unguento
742 4466 842 4522 Plinius
854 4467 904 4518 xii
949 4474 1026 4532 atqua
1040 4467 1168 4516 commoda
1182 4468 1355 4532 optimatium,
1377 4480 1422 4530 pro
1436 4464 1491 4529 qni-

362 4533 395 4582 ob
408 4534 482 4600 (ldis
503 4536 556 4586 dat
567 4538 596 4586 at
604 4536 796 4587 malobathrum
808 4536 902 4602 Syrte,
948 4536 995 4585 bus
1008 4536 1101 4585 lirntns
1114 4542 1140 4584 ct
1152 4534 1256 4585 Cassius
1268 4533 1412 4595 certabant,
1423 4532 1492 4582 filins

362 4604 484 4653 arborem
489 4604 567 4670 sollo
586 4604 748 4667 conuolato,
765 4605 842 4655 arido
862 4620 906 4655 oo-
948 4604 1029 4668 patris
1041 4602 1155 4653 libertini
1167 4619 1213 4653 non
1225 4602 1307 4667 magis
1319 4616 1424 4651 curasse
1437 4601 1491 4650 exi-

363 4668 434 4736 lara,
452 4687 490 4722 aa
508 4688 562 4737 pao
582 4676 753 4739 aaprlmr‘tar
771 4674 857 4723 oleam
870 4673 907 4723 ad
948 4672 1090 4721 elimandas
1115 4678 1155 4721 est
1178 4686 1253 4735 qnam
1277 4670 1397 4719 ultionem
1420 4670 1492 4721 illam
