3884 5525
753 589 931 641 cnuuluvll
950 590 983 643 ΙΙΙ
1003 593 1047 641 25.

506 761 599 823 uelox
617 763 720 821 mente
735 762 837 821 noua?
858 762 971 837 quibus

504 874 606 933 antris
622 873 742 947 egregii
759 868 907 933 Caesaris
922 874 1035 934 audiar

505 1022 666 1086 aeternum
684 1026 836 1087 meditans
851 1026 947 1087 decus

506 1136 607 1197 stellis
622 1136 762 1198 inserere
777 1141 809 1197 et
823 1137 955 1197 consilio
970 1134 1081 1199 louis?

507 1288 607 1349 dicam
622 1290 758 1366 insigne,
776 1304 898 1365 recem,
917 1290 1017 1351 adhuc

506 1399 658 1459 indictum
674 1414 729 1461 ore
744 1402 816 1461 alio.
849 1416 911 1462 non
927 1416 1021 1463 secus
1035 1403 1069 1463 in
1084 1403 1169 1478 iugis

506 1554 665 1613 exsomnis
681 1558 787 1629 stupet
802 1550 932 1631 Euhias,

506 1659 642 1725 Hebrum
658 1666 853 1741 prospiciens
872 1670 904 1727 et
918 1667 993 1727 niue
1006 1666 1168 1727 candidam

505 1813 649 1879 Thracen
664 1834 701 1881 ac
715 1820 793 1895 pede
809 1820 939 1881 barbaro

505 1926 671 1991 lustratam
686 1928 870 2007 Rhodopen,
888 1935 925 1992 ut
938 1932 1015 1993 mihi
1031 1932 1122 1993 demo

404 2132 428 2181 4.
448 2132 545 2189 cesaris
560 2132 610 2199 Gg.
723 2135 749 2185 6.
770 2136 877 2185 consilio
890 2136 980 2187 Ado:
998 2137 1107 2188 concilio
1122 2136 1215 2201 sugg.
1320 2138 1399 2189 8-9.
1418 2154 1463 2190 oua

333 2199 370 2249 A.
472 2200 498 2250 9.
519 2202 609 2253 enhias
621 2202 697 2269 bug,
717 2205 822 2255 euchias
833 2206 867 2255 ΙΙ.
975 2206 1017 2256 12.
1035 2213 1064 2255 nt
1076 2205 1233 2271 Aerugo:
1251 2220 1282 2257 ae
1296 2222 1322 2267 ς.

386 2436 410 2481 3.
431 2439 520 2484 mente
533 2450 623 2485 noua:
644 2434 809 2486 mirabundus
822 2438 876 2503 ipse
919 2437 1014 2499 stituit,
1028 2436 1157 2503 epitheton
1170 2437 1264 2487 nomini
1277 2440 1349 2501 iugis
1361 2438 1462 2487 additu-

332 2516 361 2551 se
379 2501 488 2552 alterum
508 2510 534 2553 et
550 2510 634 2554 mente
654 2520 721 2554 noua
732 2506 875 2570 praeditum
918 2521 973 2567 rus,
988 2506 1033 2555 sed
1047 2521 1111 2571 quae
1124 2506 1187 2569 iuga
1199 2507 1334 2569 dimeter,
1346 2506 1462 2571 proxima

333 2570 420 2621 sentit.
918 2576 984 2625 satis
1003 2574 1152 2639 declarant,
1172 2576 1234 2637 iuga
1250 2575 1353 2625 seilicet
1372 2574 1461 2623 Haemi

382 2640 407 2689 4.
428 2642 534 2705 egregii
553 2642 694 2692 anson'a:
712 2642 777 2693 clari
797 2643 874 2694 rebus
918 2643 1028 2706 montis,
1052 2644 1119 2693 unde
1143 2658 1224 2708 aquae
1251 2642 1360 2693 fluminis
1382 2642 1461 2691 Hebri

331 2708 433 2772 egregie
447 2710 544 2772 gestis3
564 2710 598 2759 ci.
614 2710 729 2762 Prooem.
916 2711 1041 2778 plurimae
1060 2712 1122 2778 (nou
1141 2712 1196 2778 ipse
1215 2712 1326 2776 Hebrus)
1346 2726 1462 2778 prorum·

381 2779 408 2827 5.
429 2784 569 2829 aeteruum
581 2808 617 2816 —
629 2781 726 2830 decus:
745 2781 835 2832 laudes
848 2782 873 2832 in
917 2789 989 2848 punt.
1005 2781 1067 2831 lude
1079 2783 1234 2847 prospicitur
1244 2781 1381 2846 Rhodope,
1395 2795 1461 2845 qnae

331 2853 463 2896 aeternum
494 2849 645 2912 duraturas;
676 2849 772 2912 cogitat
796 2851 874 2901 decus
917 2849 1070 2900 Macedonas
1094 2859 1121 2901 et
1144 2849 1257 2901 Threces
1287 2850 1460 2914 disterminat,

330 2916 420 2980 proelii
434 2916 535 2966 Actiaci
548 2924 575 2966 et
587 2926 676 2982 captae
689 2920 872 2970 Alexandriae.
916 2920 1108 2988 prospieientur
1122 2919 1242 2969 altissimi
1253 2917 1380 2968 Thraciae
1392 2933 1463 2967 mon·

380 2985 407 3034 6.
427 2985 517 3034 stellis
535 2989 653 3036 inserere
666 2993 694 3037 ct
706 2989 820 3038 coneilio
833 2989 875 3038 Io·
916 2995 956 3038 tes
969 2991 1046 3052 (niue
1058 2988 1174 3038 candido
1189 2987 1303 3052 Thrace)
1321 2995 1349 3038 et
1361 2987 1461 3037 Hebrus

329 3056 388 3102 cia.-
416 3054 464 3102 hoc
483 3061 523 3104 est
542 3054 574 3104 ud
593 3055 691 3106 eaelum
713 3065 739 3106 et
760 3057 792 3106 nd
813 3057 874 3108 deos
916 3057 1042 3106 maximus
1072 3054 1200 3107 Thraciae
1236 3064 1325 3107 terrae
1357 3055 1459 3106 fluuius.

330 3121 481 3172 inmortales
507 3122 616 3190 efferrc3
647 3125 781 3175 consilium
806 3125 874 3176 louis
917 3125 1012 3176 Contra
1035 3125 1109 3176 sedes
1128 3125 1273 3175 Hdonoruan
1295 3126 1322 3175 in
1342 3123 1462 3174 Macedo·

330 3197 369 3240 est
390 3198 481 3241 coetus
506 3191 610 3241 deorum
635 3209 691 3243 cum
713 3193 772 3244 ioue
793 3196 877 3244 consi·
917 3195 960 3244 nia
975 3194 1046 3245 inere
1060 3195 1128 3244 inter
1139 3195 1231 3244 Axium
1246 3199 1336 3244 llnmen
1350 3200 1377 3243 et
1389 3193 1463 3259 Stry-

329 3258 456 3308 hiantium.
482 3259 627 3311 infinitiuns
644 3265 763 3313 inserere
783 3264 876 3330 pendet
916 3279 1014 3313 monem
1032 3279 1124 3326 magno
1143 3272 1271 3314 terrarum
1290 3262 1461 3327 montiumque

330 3342 361 3377 ex
372 3328 519 3378 meditans.
916 3332 1056 3382 interuallo
1068 3333 1101 3382 ab
1115 3332 1199 3384 Hebro
1213 3333 1341 3383 discretae
1354 3331 1461 3394 (Strabo

379 3396 476 3446 7-8.
502 3413 609 3462 recena,
630 3399 719 3448 adhuc
738 3400 873 3450 indictum
915 3400 961 3450 Vll
983 3401 1076 3464 iragm.
1097 3403 1156 3465 ll),
1179 3403 1323 3468 quaelicet
1343 3401 1461 3465 imperite

329 3464 388 3528 (non
408 3465 517 3528 dictum)
536 3482 582 3516 ore
600 3467 671 3526 ulio:
697 3468 761 3533 qnod
784 3484 873 3518 reeens
916 3469 1005 3532 iungat
1015 3486 1071 3520 cum
1081 3469 1165 3519 Hebro
1176 3469 1329 3522 Theocritus
1340 3468 1386 3518 vll
1401 3468 1460 3531 111,

328 3533 678 3602 adnosperlatnmneedum
696 3537 874 3587 abaliocele·
917 3538 985 3588 idem
1009 3538 1132 3601 Horatio,
1157 3539 1201 3603 qni
1234 3540 1297 3588 haec
1325 3538 1381 3587 loca
1406 3538 1461 3602 ipse

328 3601 432 3653 bratnm
452 3609 500 3652 est.
520 3603 578 3670 Epi.
601 3603 611 3654 1
632 3605 663 3654 19
677 3605 724 3654 32.
745 3622 797 3656 uon
817 3607 873 3656 alio
917 3605 1111 3668 adiit,aecidere
1124 3623 1172 3655 non
1186 3607 1278 3670 potuit.

329 3671 434 3722 dictum
444 3675 526 3736 prius
539 3688 594 3722 ore.
971 3674 1082 3725 11—12.
1097 3674 1165 3738 pede
1180 3675 1298 3723 barbaro
1311 3674 1460 3722 lustratam

378 3739 489 3790 8-12.
509 3757 563 3790 nou
575 3756 651 3791 secus
663 3769 698 3780 —
709 3741 871 3808 Rhodopen:
916 3741 1077 3806 Rhodopen:
1095 3748 1205 3790 montem
1224 3755 1297 3805 quem
1313 3740 1461 3804 plerumque

328 3823 355 3857 se
373 3824 433 3860 cnm
453 3808 597 3860 insaniente
616 3810 713 3861 bacche
732 3818 872 3876 comparat.
918 3809 1017 3860 nonnisi
1047 3809 1173 3858 barbarae
1203 3816 1292 3873 gentes
1321 3808 1462 3857 escendunt

247 3903 250 3912 ι
330 3874 545 3940 Quemadmodum
567 3880 630 3929 haee
654 3880 696 3929 dei
715 3879 829 3945 potentin
847 3879 873 3928 in
918 3887 994 3944 atque
1015 3878 1145 3937 ineolnut;
1173 3877 1297 3926 lustrata
1319 3883 1360 3926 est
1379 3890 1460 3942 pera·
1563 3902 1566 3908 ·

327 3944 382 3996 loca
410 3945 488 3996 denia
512 3954 538 3996 et
562 3947 615 3997 alta
640 3949 760 4014 propulsa
790 3948 874 3998 omnia
915 3953 1010 4014 grato.
1035 3947 1089 3997 dlii
1105 3946 1174 4011 pede
1195 3947 1312 3995 barbaro
1331 3945 1363 3994 de
1375 3944 1460 3994 thiaso

328 4029 394 4065 noua
409 4015 530 4080 prospicit
543 4023 568 4065 et
581 4017 701 4080 miratur,
716 4017 753 4066 sic
767 4017 874 4068 laetanti
917 4015 1069 4066 Maenadum
1080 4013 1250 4066 Thressarnm
1263 4014 1401 4080 accipiunt,
1416 4013 1461 4063 sed

328 4091 419 4146 poetae
447 4099 512 4132 nunc
534 4099 706 4150 quaecumque
728 4093 826 4136 mutata
849 4087 874 4135 in
918 4087 1020 4135 Hediae
1039 4084 1094 4150 ipsa
1115 4100 1147 4134 ex
1162 4084 1252 4133 harum
1266 4097 1369 4132 numero
1383 4089 1461 4132 estet

330 4152 574 4202 oeulosincurrnnt.
918 4155 956 4204 sic
986 4153 1069 4204 locum
1093 4160 1120 4203 et
1151 4167 1196 4201 sno
1221 4158 1248 4201 et
1271 4167 1373 4202 suumn
1397 4152 1461 4217 pede

380 4223 406 4271 8.
437 4224 465 4270 in
486 4224 575 4284 iugis.-
604 4221 649 4271 ubi
671 4223 731 4286 iuga
754 4222 874 4271 montium
918 4223 1055 4273 lustratum
1076 4220 1206 4286 stupebit.
1247 4219 1324 4270 immo
1353 4221 1462 4270 miratur

331 4289 449 4339 ascendit
459 4287 743 4354 (ausBergeebiihen).
764 4290 801 4340 lbi
816 4290 875 4339 noui
919 4291 984 4355 quod
1004 4293 1029 4341 in
1049 4291 1167 4354 regiones
1179 4289 1296 4339 desertas
1309 4305 1337 4340 se
1350 4290 1461 4340 delatam

330 4365 480 4424 prospectus
493 4367 648 4424 comparent.
919 4359 1008 4408 sentit.

380 4427 406 4476 9.
426 4431 583 4478 exsomnis:
598 4422 711 4488 ἄϋπνος,
725 4441 812 4477 somno
826 4441 874 4475 non
972 4427 1096 4476 12-14.
1115 4433 1148 4478 ut
1167 4427 1236 4476 mihi
1253 4426 1331 4477 decdo
1344 4429 1422 4490 repas
1436 4430 1465 4474 et

331 4491 466 4560 indulgens
478 4496 629 4546 instinctore
642 4498 704 4560 den,
726 4496 783 4545 dum
796 4495 875 4545 ceteri
919 4511 1036 4544 nocuum
1049 4511 1141 4545 cemus
1153 4498 1252 4544 mirari
1264 4495 1346 4544 libet:
1367 4493 1462 4543 buocha

331 4565 452 4614 mortales
466 4565 552 4630 quiete
566 4567 649 4615 noctis
660 4565 786 4614 irnnntur.
802 4564 877 4612 Bent-
919 4562 1032 4614 Thracia
1050 4578 1092 4613 res
1104 4578 1211 4626 magnas
1224 4569 1251 4612 et
1262 4561 1395 4612 mirabiles
1408 4569 1463 4611 atn-

331 4627 396 4682 leins
417 4634 535 4697 grauiter
555 4634 679 4684 aberrans
701 4634 799 4684 Edonis
818 4631 876 4682 sub·
918 4639 976 4696 pet:
1001 4639 1074 4697 poeta
1095 4632 1142 4681 deo
1163 4631 1251 4696 plenus
1271 4631 1350 4681 etiam
1371 4630 1463 4681 solitas
