3884 5525
960 619 1099 673 aouartt

674 805 839 868 pauperem
856 791 1014 853 laboribus

673 907 805 964 uocatus
819 907 915 978 atque
929 917 992 964 uou
1008 907 1140 965 uocatus
1156 904 1252 966 audit.

961 1093 1095 1156 XVIIII.

674 1229 832 1295 Bacchum
846 1236 879 1297 in
894 1237 1025 1297 remotis
1041 1236 1181 1298 carmina
1196 1235 1325 1312 rupibus

674 1346 739 1406 uitll
756 1346 927 1423 docentem,
945 1348 1062 1408 credite
1078 1345 1206 1424 posteri,

675 1452 903 1533 Nymphasque
919 1459 1076 1518 discentes
1093 1462 1124 1518 et
1139 1471 1232 1518 aures

675 1568 873 1642 capripedum
887 1564 1075 1644 Satyrorum
1092 1571 1212 1630 acutas.

534 1704 572 1758 hd
586 1709 705 1760 Liberum
719 1720 827 1777 patrem.
846 1711 923 1764 Matr.
938 1719 988 1764 eet.
1003 1715 1035 1764 Α.
1131 1713 1179 1763 hac
1192 1712 1241 1762 oda
1253 1711 1365 1762 ostendit
1377 1703 1484 1761 bachum
1497 1717 1594 1776 patrem

466 1793 494 1827 se
508 1778 604 1828 uidisse
617 1795 696 1844 neque
718 1782 783 1830 sutis
796 1781 914 1832 sufficere
924 1783 959 1832 -ad
981 1783 1070 1832 laudes
1084 1782 1157 1831 bachi
1177 1782 1258 1846 patris
1271 1781 1444 1831 decantandas
1457 1781 1490 1830 B.

467 1846 639 1897 Entusiastiee
652 1849 683 1897 ad
696 1848 816 1899 Liberum
829 1859 927 1915 patrem
940 1851 1031 1900 laudes
1045 1851 1077 1900 H.

537 1916 559 1963 1.
582 1917 725 1967 Diomedes
740 1917 772 1967 ttl
785 1918 828 1968 36.
937 1920 1023 1968 1-2.
1045 1919 1168 1968 Bacchum
1184 1945 1215 1954 -
1229 1917 1359 1966 docentem
1372 1917 1458 1967 schol.
1471 1915 1593 1966 quenci.

465 1981 511 2031 vll
525 1985 568 2033 58.
660 1986 683 2034 l.
700 1985 823 2035 Bacchum
832 1987 897 2036 All:
912 1988 1003 2037 acham
1014 1987 1125 2052 (quippe
1132 1991 1238 2051 primae
1250 1989 1401 2036 carminum
1412 1987 1519 2034 litteras
1529 1985 1597 2034 solet

466 2054 602 2116 omittere)
618 2053 647 2115 G,
667 2053 778 2103 Bachum
792 2056 824 2105 B.
930 2057 955 2106 3.
976 2055 1217 2120 Nimphasque.GH.
1323 2055 1349 2104 4.
1370 2054 1507 2104 satiroruru
1519 2053 1576 2102 BH.

467 2187 515 2236 luit
529 2187 573 2237 ille
592 2188 634 2252 qui
655 2204 703 2238 uon
720 2189 788 2239 serio
808 2199 914 2242 mortem
934 2208 1012 2243 noca-
1054 2197 1176 2257 expertus
1195 2197 1269 2257 poeta
1289 2189 1313 2239 in
1334 2191 1380 2240 bas
1400 2191 1489 2239 laudes
1507 2203 1596 2254 proru-

466 2255 533 2321 ait),
553 2256 685 2307 laboribus
704 2274 772 2308 mors
785 2259 872 2310 deruit.
893 2260 1010 2312 Meiueke
1053 2259 1099 2326 pit.
1121 2257 1203 2309 Fauet
1216 2259 1274 2308 huic
1287 2259 1431 2308 sententiae
1449 2259 1514 2322 quod
1535 2257 1596 2306 iuci-

466 2324 492 2372 in
506 2324 588 2373 diario
602 2325 722 2390 antiquit.
739 2327 802 2378 1851
818 2344 842 2393 p.
853 2329 920 2380 233:
934 2327 1010 2380 ‘illud
1054 2329 1092 2378 sio
1112 2342 1127 2377 a
1150 2335 1224 2394 poeta
1245 2327 1269 2377 iu
1293 2328 1404 2393 strophis
1423 2326 1534 2376 Alcaicis
1556 2343 1597 2376 re·

467 2393 498 2441 rie
526 2401 607 2442 morte
628 2393 715 2444 Carus.
737 2395 760 2445 ll
783 2397 814 2448 18
835 2399 869 2448 lo
894 2405 1011 2450 uocatus
1054 2404 1128 2447 ceute
1146 2413 1196 2446 uon
1217 2396 1300 2446 uitata
1318 2397 1361 2456 (ci.
1378 2396 1410 2445 ad
1424 2394 1444 2445 ΙΙ
1460 2395 1490 2444 13
1505 2394 1549 2459 ir)
1570 2396 1595 2445 iu

467 2468 549 2525 atque
561 2478 615 2512 noa
627 2469 741 2513 uocatur
762 2465 857 2531 audit,
878 2483 1010 2533 compares
1053 2467 1101 2515 boc
1113 2472 1228 2531 poemate
1247 2464 1286 2513 bis
1299 2463 1337 2528 (u.
1352 2466 1366 2512 i
1380 2472 1406 2513 et
1421 2464 1464 2528 il)
1485 2463 1597 2514 admissa

467 2545 522 2580 cum
536 2545 577 2593 eo,
596 2533 660 2597 quod
674 2548 706 2590 er
719 2534 816 2583 oraculi
830 2550 952 2602 responso
966 2537 1012 2586 du·
1054 2534 1198 2600 reperitur,
1224 2533 1290 2598 quod
1315 2547 1450 2600 pronomen
1476 2538 1506 2582 ta
1528 2533 1596 2583 ultra

467 2605 612 2666 clamasse
634 2599 727 2651 Suidas
748 2602 773 2651 iu
795 2619 821 2653 u.
842 2597 1011 2674 καλούμενος
1053 2603 1153 2652 modum
1170 2601 1233 2651 alibi
1252 2601 1415 2651 obseruatum
1434 2601 1480 2664 (ei.
1496 2601 1527 2651 ad
1541 2600 1550 2650 l
1565 2603 1595 2652 17

467 2667 544 2716 uiuit:
583 2664 751 2737 καλούμενος
779 2671 826 2720 καὶ
857 2664 1010 2738 ἅκλητοςὸ
1055 2671 1100 2738 14)
1114 2678 1206 2736 quater
1219 2670 1344 2736 repetitur
1356 2670 1504 2720 nil-21.

466 2729 533 2793 θεὸς
545 2738 692 2805 παρέσται,
706 2754 772 2805 quaa
785 2739 892 2808 Pythius
905 2742 931 2791 in
944 2743 1010 2793 hunc
1107 2739 1194 2789 1-2.
1215 2739 1354 2790 Bacchum
1371 2766 1406 2776 -
1424 2739 1485 2789 uicti
1502 2739 1597 2790 doesn-

468 2804 523 2855 fere
541 2808 641 2855 modum
660 2809 784 2859 extulisse
802 2811 919 2861 uidetur:
944 2813 1010 2876 κλη-
1055 2814 1126 2859 tem:
1143 2809 1201 2874 quia
1215 2808 1329 2858 bacchus
1341 2808 1366 2857 iu
1381 2808 1462 2857 altero
1476 2808 1596 2858 Parnassi

468 2868 514 2930 τός
526 2870 548 2923 τ’
562 2866 679 2938 Salurnis
691 2870 718 2927 θ’
733 2872 747 2927 ὁ
765 2872 831 2935 θεὸς
848 2874 1008 2946 [πάντεσσι]
1054 2877 1137 2943 capite
1155 2892 1231 2943 prope
1246 2875 1332 2927 Musas
1352 2877 1464 2939 habitat,
1486 2878 1595 2927 animum

468 2939 624 3010 παρέσταί.
1053 2945 1290 3007 catillaminum,
1305 2946 1430 2995 laetitiam
1444 2946 1532 3009 donat,
1547 2946 1597 2995 sol-

1052 3014 1199 3064 licitudines
1229 3014 1316 3080 pellit,
1346 3009 1423 3064 choro
1452 3014 1595 3081 Thyiadum

519 3077 604 3128 Germ.
620 3078 725 3130 xvhll.
745 3081 914 3136 Prooemium.
940 3086 1011 3135 Bac-
1052 3081 1193 3149 praesidet,
1216 3081 1281 3132 idem
1295 3084 1433 3133 carminum
1447 3090 1597 3149 praeceptor

467 3168 544 3216 epum
564 3184 580 3218 a
602 3183 644 3217 mo
661 3172 752 3235 „imm
772 3186 869 3222 mm
883 3175 936 3239 sm
957 3181 1006 3239 m,
1053 3150 1203 3231 ubiloretio
1223 3166 1287 3200 noue
1309 3168 1375 3202 nunc
1388 3152 1526 3202 inducitur.
1546 3150 1597 3201 Va·

466 3255 544 3306 dmm
555 3257 702 3320 praedm
714 3261 772 3308 wig
782 3258 998 3325 masmana
1051 3220 1201 3299 trciuuautem
1222 3219 1347 3300 bacchum
1366 3221 1484 3291 praebuit
1496 3220 1597 3286 Euripi-

1001 3300 1008 3327 ’
1053 3288 1097 3338 des
1110 3302 1137 3337 ru
1151 3287 1258 3337 Bacchis
1271 3305 1296 3338 u.
1306 3288 1451 3339 298-301.
1512 3305 1597 3339 romo-

468 3345 575 3393 heatam
587 3347 730 3410 coniugem
743 3348 937 3414 honoraciores,
960 3354 1010 3402 iai·
1054 3360 1091 3406 tts
1105 3384 1135 3393 -
1149 3359 1279 3421 rupibus:
1299 3362 1412 3408 remotis
1425 3357 1541 3408 absolute
1554 3373 1596 3424 po·

466 3434 550 3481 micon
563 3435 668 3483 aeriter
675 3439 842 3502 punientem,
854 3440 1010 3505 fluuiorum
1054 3425 1141 3488 situm,
1156 3432 1184 3475 ut
1197 3442 1223 3475 u.
1235 3426 1266 3475 18
1279 3431 1414 3491 separatis
1427 3430 1454 3476 in
1467 3430 1555 3492 iugis,
1571 3426 1595 3475 iu

468 3521 627 3574 domitorem
651 3528 679 3573 ,t
702 3529 790 3575 mam
827 3531 886 3578 uit
990 3535 995 3546 .
1054 3494 1161 3559 rupibus
1185 3490 1323 3556 montium,
1346 3496 1388 3560 qui
1413 3495 1445 3545 ab
1470 3496 1596 3545 homiuum

796 3563 805 3590 '
857 3545 959 3581 wem
983 3548 1012 3581 m
1053 3564 1203 3613 commercio
1226 3563 1315 3613 remoti
1335 3570 1403 3613 sunl.
1434 3562 1596 3613 Carminibus

407 3649 413 3655 ·
464 3611 702 3677 Pflffmdumu'
713 3613 846 3681 Giganta*
857 3624 1009 3685 witmau
1054 3639 1081 3682 et
1101 3632 1185 3683 choris
1203 3630 1375 3699 Nympharum
1398 3632 1522 3681 eiusmodi
1541 3633 1596 3681 loca

467 3703 544 3751 cuius
559 3706 712 3768 potentiam
732 3705 861 3757 Cerberus
878 3714 965 3761 sensit
980 3727 1013 3761 ac
1054 3716 1115 3767 Prae
1129 3702 1222 3751 weris
1237 3700 1339 3761 siueflli
1359 3698 1393 3748 cf·
1409 3698 1418 3747 ¹
1434 3699 1444 3747 Ῑ
1461 3699 1576 3749 30··32·

1106 3770 1131 3819 2.
1151 3770 1252 3819 credito
1261 3770 1382 3833 posteri:
1401 3772 1516 3830 posteros
1532 3768 1599 3816 allo-

1054 3838 1154 3903 quitur,
1180 3837 1222 3901 qui
1243 3835 1323 3884 oculis
1345 3834 1398 3882 suls
1419 3832 1539 3898 impetum
1561 3836 1598 3885 lo·

520 3892 645 3944 Proximis
663 3896 752 3948 diebus
771 3906 828 3965 pust
841 3900 953 3951 nuntium
967 3918 1010 3951 ca·
1053 3905 1155 3970 quentis
1167 3920 1183 3954 a
1196 3903 1292 3953 Baccho
1306 3900 1444 3951 excitatum
1457 3918 1596 3966 agnoscere

468 3967 526 4023 piae
540 3962 713 4015 Alexandriae
733 3967 758 4015 iu
772 3968 859 4017 urbem
872 3971 1008 4034 perlatum,
1053 3989 1102 4025 uon
1115 3979 1243 4037 poterunt.

468 4028 1010 4103 h.e.suhliuemanui724(30a.Chr.)‚'
1103 4040 1129 4089 3.
1164 4040 1357 4105 Nymphasque
1386 4039 1537 4090 discentes:
1569 4048 1596 4090 ut

468 4096 515 4158 hac
528 4112 633 4148 earmeu
643 4105 807 4169 eonrpositum
820 4113 870 4156 est.
891 4106 918 4155 ld
934 4108 1010 4157 ‹loce-
1053 4107 1156 4171 Longus
1170 4107 1201 4157 ΙΙΙ
1216 4107 1248 4156 23
1262 4106 1340 4168 uicit,
1362 4106 1392 4156 ni
1403 4103 1526 4175 Νύμφαι
1539 4110 1596 4158 πᾶ-

468 4164 704 4246 Ῐιίῐροιιψεναυῑεω
718 4172 778 4222 libri
798 4176 868 4223 tertii
887 4174 951 4224 oden
971 4175 1011 4224 ui·
1054 4188 1103 4225 σαι
1113 4178 1260 4245 pomorani,
1281 4176 1319 4225 sic
1332 4176 1453 4227 Horatius
1471 4184 1499 4227 et
1512 4179 1558 4228 bas
1571 4185 1596 4227 et

405 4263 408 4269 ·
468 4250 587 4284 cesimum
601 4238 731 4302 quintam,
745 4256 810 4306 quae
823 4243 902 4307 primo
916 4244 1011 4306 impetu
1053 4246 1158 4293 comites
1176 4243 1284 4311 Satyros
1305 4246 1445 4296 carminum
1468 4247 1596 4296 studiosos

468 3798 614 3842 ueaoratus
628 3798 677 3843 erl.
685 3792 813 3875 ¹(histrum
826 3797 969 3865 alcaicum)

468 4304 605 4369 gaudentis
615 4306 646 4356 de
657 4306 776 4358 felicibus
786 4309 923 4359 Octauiani
933 4311 1011 4360 rebus
1053 4312 1191 4375 cogitauit5
1219 4312 1254 4363 ci.
1277 4314 1286 4363 l
1311 4315 1322 4363 l
1344 4315 1392 4365 3οι
1417 4331 1459 4365 rue
1475 4315 1596 4381 gelidum
1644 4324 1648 4332 ‘

468 4371 539 4421 iacta
560 4380 616 4434 est,
636 4375 737 4426 docebit
759 4377 833 4442 primi
854 4378 913 4426 libri
934 4378 1011 4428 trice·
1052 4396 1145 4431 aomar
1168 4381 1413 4450 Nympharumque
1441 4384 1513 4433 leuas
1537 4398 1596 4433 cum

383 4456 390 4468 ·
452 4441 532 4489 -sr'ma
553 4442 677 4507 septima,
697 4452 763 4508 quae
782 4445 899 4493 contiuuo
921 4454 1011 4496 secuta
1053 4450 1163 4517 Satyris
1177 4453 1253 4501 chori
1264 4446 1532 4518 secernuntphpolo.

469 4516 518 4559 est.
543 4509 580 4558 Eo
598 4511 623 4559 iu
642 4519 755 4575 ternpore
773 4513 798 4560 iu
817 4512 890 4562 domo
909 4512 1011 4565 biaece-
1105 4519 1194 4569 3-4.
1221 4536 1302 4571 auree
1322 4521 1495 4586 capripedum
1515 4520 1597 4587 Saty·

469 4578 537 4656 uatis
566 4579 682 4643 interque
712 4580 859 4631 exultantes
890 4581 1011 4634 Caesaris
1052 4601 1145 4638 rorum
1159 4595 1271 4639 acutas:
1286 4606 1367 4640 aurea
1380 4589 1530 4657 Satyrorum
1544 4604 1597 4638 me·

467 4658 564 4695 amrcos
576 4646 627 4695 uim
640 4646 732 4697 Bacchi
751 4648 832 4714 magis
850 4665 925 4715 quam
945 4653 1012 4703 alias
1052 4657 1177 4723 marcuit,
1198 4664 1226 4708 ut
1238 4658 1284 4710 hos
1298 4658 1419 4709 audiendi
1431 4657 1596 4722 discendique

1719 1661 1736 1789 Ἀ
