3884 5525
468 584 531 647 352
964 575 1100 629 nostru

676 726 761 812 'nunc
776 750 809 811 in
825 748 1017 825 reluctantes
1033 749 1185 809 dracones

678 862 744 937 egit
759 874 846 921 amor
862 860 948 937 dapis
964 864 1058 936 atoue
1071 872 1214 936 puguae3

679 1014 843 1091 qualemue
858 1014 951 1075 laetis
967 1028 1078 1089 caprea
1093 1011 1219 1087 pascuis

678 1127 810 1201 intenta,
829 1124 936 1186 tulnae
952 1124 1062 1185 matris
1078 1124 1116 1183 ab
1131 1122 1238 1197 ubere,

678 1237 738 1299 iarn
754 1236 834 1297 lacte
850 1235 1014 1311 depulsum
1028 1235 1150 1297 leonem

680 1347 772 1407 dente
787 1359 869 1407 nouo
885 1345 1132 1422 percursurus,

681 1499 787 1561 uidere
802 1496 895 1560 Raeti
910 1498 992 1559 bella
1006 1498 1064 1559 sud
1080 1497 1212 1574 Alpibus

543 1672 653 1723 11-12.
673 1668 890 1723 Pueeiaouevll
905 1668 920 1717 s
933 1669 976 1719 41.
1089 1669 1130 1719 13.
1151 1666 1348 1733 puaremuec.
1400 1639 1530 1730 'sepau

476 1743 516 1793 16.
536 1741 607 1792 uidet
620 1744 646 1801 ς.
755 1740 796 1789 17.
817 1738 883 1789 raeti
895 1738 947 1802 Ας,
968 1738 1018 1789 reti
1034 1737 1085 1803 Gg,
1104 1737 1164 1789 retii
1176 1738 1229 1801 Ης,
1248 1734 1315 1785 rheti
1326 1734 1378 1822 1353

527 1946 649 1995 13-16.
673 1946 860 2011 qualmouc-
872 1944 964 1995 uidit:
984 1941 1016 1992 ad
1059 1944 1122 1993 liei:
1141 1941 1218 2009 paulo
1237 1940 1389 2005 abruptius,
1410 1938 1454 1987 sed
1473 1937 1603 2000 consulto,

474 2016 584 2065 Drusum
602 2021 627 2064 et
646 2014 733 2064 hostes
746 2012 778 2063 ab
792 2014 846 2079 ipso
860 2012 1017 2077 depugnatos
1059 2012 1150 2077 quippe
1163 2010 1294 2061 insolitum
1311 2009 1472 2075 proditurus,
1490 2014 1549 2073 post
1560 2010 1606 2056 ui-

473 2084 582 2134 nondum
594 2082 681 2133 uenire
695 2082 791 2147 potuit,
808 2082 869 2147 quia
881 2080 956 2131 Baeti
969 2079 1016 2130 sub
1059 2082 1110 2143 dit,
1124 2082 1149 2129 in
1162 2080 1212 2130 line
1225 2079 1336 2144 protasis
1347 2076 1472 2143 positum,
1494 2078 1520 2125 in
1533 2074 1605 2141 prin-

472 2152 582 2216 imagine
593 2152 676 2201 ouium
689 2152 731 2201 uel
744 2152 881 2201 draconum
894 2165 943 2199 non
957 2155 1016 2214 apte
1058 2150 1125 2214 cipio
1148 2143 1312 2203 ἀποδόσεως
1333 2146 1426 2195 nudum
1446 2144 1541 2194 uidere
1561 2158 1606 2193 re-

473 2221 579 2287 produci
592 2228 719 2286 poterunt.
740 2218 828 2285 ltaque
846 2234 937 2269 nouam
956 2220 1021 2267 ima·
1058 2225 1146 2284 petere
1171 2218 1271 2282 noluit,
1297 2231 1346 2264 nnn
1376 2217 1417 2263 sic
1440 2213 1534 2264 uidere
1557 2220 1606 2261 aut

472 2290 555 2354 ginern
568 2288 679 2339 intexuit
691 2304 762 2351 eam,
777 2303 826 2353 qua
840 2296 866 2339 et
877 2287 978 2337 Drusus
991 2293 1018 2337 et
1060 2288 1143 2337 talem
1174 2287 1277 2336 uidere.
1320 2283 1413 2333 Hostes
1441 2282 1608 2331 nominantur

473 2358 549 2409 Raeti
562 2358 844 2423 comprehenderentur.
1059 2355 1141 2406 uaeu
1162 2355 1312 2415 Vindelici,
1337 2353 1381 2401 ulii
1405 2349 1533 2402 Vindelici
1556 2366 1606 2416 pro

527 2428 635 2477 13-14.
652 2428 733 2477 luetis
744 2454 776 2463 -—
786 2430 910 2476 interitu:
921 2424 1016 2474 Raetus
1059 2440 1129 2473 more
1142 2432 1274 2489 poetarum
1287 2421 1396 2471 nominis
1409 2419 1531 2469 adiectiui
1544 2419 1606 2469 uice

473 2496 557 2547 adhuc
579 2495 692 2545 uictores
712 2510 792 2560 eoque
815 2494 881 2544 dulci
903 2495 1016 2559 praedae
1060 2487 1606 2556 iungitur(dicVindeliciscdenliucler),

473 2580 506 2617 ex
528 2564 606 2615 uictis
626 2565 740 2627 agendae
759 2563 870 2613 intentos
888 2564 935 2612 linc
953 2563 1017 2611 ima·
1058 2570 1088 2612 ut
1099 2561 1181 2611 llueti
1190 2576 1262 2625 gens,
1279 2559 1415 2609 Vindelici
1426 2558 1494 2607 natio
1507 2572 1610 2606 uccen-

473 2635 531 2698 gine
544 2640 678 2683 monstrat.
699 2632 748 2697 Qui
760 2632 843 2681 subito
857 2631 1017 2697 conspiciunt
1059 2638 1109 2681 tur.
1126 2630 1175 2695 Qui
1185 2628 1331 2679 accuratius
1341 2628 1487 2691 loquuntur,
1497 2625 1608 2689 Strabo,

473 2703 584 2767 Drusum
603 2717 638 2762 ¹en
658 2701 734 2761 ltalia
755 2700 816 2765 (Dio
838 2699 905 2751 Lllll
928 2700 971 2765 22)
990 2699 1016 2748 in
1059 2699 1150 2749 Liuius
1164 2714 1219 2748 cum
1233 2697 1318 2759 Floro,
1333 2695 1486 2757 Suetonius,
1507 2694 1608 2744 Raetos

473 2773 542 2839 ipsos
554 2773 744 2836 irrumpentem.
1059 2777 1086 2818 et
1104 2768 1252 2818 Vindelicos
1272 2768 1437 2828 discernunt,
1460 2764 1503 2830 qui
1522 2764 1609 2812 mino·

528 2841 569 2890 14.
594 2841 696 2904 ¹fralaus
724 2841 825 2890 matris
855 2839 889 2888 ab
919 2838 1016 2886 udere:
1059 2831 1609 2897 remeuramadleibuere‚nomineliaeto-

473 2910 498 2959 h.
513 2925 536 2958 e.
558 2909 647 2960 relicto
669 2909 755 2958 luluae
774 2907 867 2958 matris
883 2904 1016 2971 (capreae)
1059 2922 1113 2956 rum
1127 2908 1204 2956 etiarn
1217 2904 1364 2956 Vindelicos
1377 2902 1606 2967 comprehendunt.

472 2978 560 3028 ubere.
582 2977 741 3043 Praepositio
755 2979 788 3026 ud
802 2983 873 3025 notat
886 2989 938 3024 rem
952 2981 1016 3022 tem·
1059 2975 1087 3025 ln
1108 2976 1147 3024 liis
1167 2981 1207 3024 est
1222 2974 1270 3024 Dio
1290 2973 1392 3022 Cassius
1410 2970 1478 3021 Lllll
1492 2971 1539 3034 22,
1558 2971 1607 3036 qui

473 3061 533 3112 pore
546 3061 738 3111 praegressum,
760 3045 811 3094 iarn
831 3060 879 3093 non
899 3043 1016 3092 obtinen—
1059 3060 1107 3093 non
1122 3043 1170 3093 nisi
1184 3044 1215 3092 de
1227 3042 1319 3093 Raetis
1334 3040 1444 3091 aDruso
1457 3047 1484 3089 et
1496 3039 1608 3089 Tiberio

472 3123 532 3164 tem.
560 3113 643 3164 Tacit.
666 3113 733 3162 Hist.
752 3113 772 3162 ll
787 3114 835 3162 92:
850 3126 1018 3177 praepiisuc-
1060 3112 1169 3161 deuictis
1182 3118 1288 3176 narrat,
1310 3109 1448 3163 nonetiam
1462 3109 1492 3158 de
1506 3106 1608 3158 Vinde-

473 3188 521 3232 ναι
535 3185 722 3244 praetorianis
735 3181 860 3238 Publium
873 3181 1014 3242 Sabinum,
1053 3180 1135 3243 licis,
1155 3195 1217 3244 quoa
1233 3195 1278 3244 pro
1292 3182 1402 3229 nuti'one
1414 3177 1551 3227 Raetorum
1564 3178 1609 3226 ui-

473 3266 489 3299 a
500 3255 674 3314 praefectura
688 3249 823 3312 sudariis,
841 3248 883 3296 ubi
897 3247 930 3296 ci,
947 3261 1013 3296 mea.
1058 3250 1135 3298 detur
1159 3248 1289 3299 hahuisse.
1323 3247 1377 3298 Hac
1401 3248 1499 3296 ratione
1522 3245 1606 3296 etiam

472 3317 554 3366 Laeta
566 3331 662 3382 pascua
676 3315 802 3378 iecerunt,
813 3323 842 3365 ut
851 3315 942 3364 matris
952 3315 1017 3365 uber
1058 3317 1190 3366 Horatium
1202 3332 1276 3366 nsum
1289 3332 1347 3366 esse
1357 3332 1406 3381 quo
1417 3315 1497 3365 minus
1510 3315 1607 3364 creda-

471 3399 565 3450 eaprea
582 3384 748 3450 relinqueret.
769 3384 912 3450 Dpponitur
930 3385 1016 3450 pullus
1058 3402 1124 3450 mus,
1143 3386 1206 3435 nihil
1219 3386 1334 3450 impedit.
1347 3386 1349 3390 ’
1360 3385 1458 3449 Sequor
1469 3383 1548 3446 igitur
1560 3399 1606 3433 co-

470 3455 528 3517 lec,
548 3468 621 3520 quem
634 3468 725 3504 seuera
737 3460 819 3503 mater
831 3453 898 3503 lacte
912 3468 957 3504 suo
971 3453 1016 3503 de·
1059 3455 1138 3518 dices,
1147 3455 1272 3505 Aaronem
1281 3453 1510 3520 etPorphprionein
1520 3448 1606 3517 i‘qua-

472 3523 546 3589 pulit.
1058 3524 1108 3574 lem
1120 3524 1230 3589 aquilam
1244 3524 1286 3572 uel
1299 3524 1396 3573 leonem
1410 3521 1513 3571 inbellis
1525 3536 1607 3586 prae·
1628 3535 1639 3564 e

525 3591 566 3641 15.
586 3594 643 3642 iam
660 3590 731 3642 lacte
752 3591 907 3656 depulsum:
927 3597 956 3640 ut
973 3605 1016 3640 ca·
1058 3593 1107 3655 da,
1126 3594 1204 3643 talem
1224 3591 1333 3642 Drusum
1351 3591 1439 3641 uidere
1452 3589 1525 3640 Raeti
1540 3588 1607 3640 Vin-

472 3675 533 3726 prea
557 3660 649 3710 relicta
672 3667 753 3710 matre
776 3674 886 3725 pascuo,
913 3659 950 3709 sic
976 3659 1015 3708 leo
1058 3655 1159 3712 delici‘.
1179 3661 1284 3724 Λοιιοιις
1307 3655 1415 3725 ‘scripta
1433 3666 1474 3709 est
1495 3674 1555 3722 ergo
1574 3659 1605 3708 in

471 3729 539 3780 lacta
552 3729 671 3794 depulsus
684 3729 803 3794 praedam
816 3736 938 3780 sectatur.
958 3727 1016 3778 Ple·
1058 3729 1184 3780 Neronem
1204 3729 1314 3779 Drusum
1338 3729 1484 3793 priuignum
1503 3727 1605 3792 —qui

472 3799 544 3863 rique
554 3813 687 3864 perperam
697 3798 908 3863 iunguntfulcae
918 3799 1015 3846 matres
1058 3797 1153 3848 Raetos
1169 3797 1316 3848 Vindelicos
1335 3797 1403 3845 bello
1425 3791 1511 3846 nicit'.
1534 3795 1605 3845 Poa-

472 3869 505 3917 αὑ
529 3870 608 3918 ubere
629 3870 684 3916 ium
709 3867 780 3918 lucie
800 3867 940 3930 depulsum
962 3865 1016 3914 leo·
1058 3867 1193 3930 reunion),
1213 3867 1291 3916 etiam
1304 3863 1420 3914 Seruium
1434 3862 1543 3928 Vergilii
1562 3865 1604 3913 in-

471 3951 545 3998 nam,
565 3942 593 3984 ut
604 3936 691 4000 sulus
709 3933 1015 3986 muterdicaturleaena
1057 3942 1195 4000 terpretcm
1220 3933 1252 3983 ad
1276 3935 1339 3984 Aen.
1365 3931 1376 3981 i
1401 3932 1466 3996 243,
1493 3931 1602 3983 nou'N.

471 4011 498 4052 et
519 4003 670 4053 alterutrum
692 4005 749 4066 (aut
768 4005 849 4052 ubere
868 4011 912 4052 aut
932 4001 1014 4064 lucta)
1057 4003 1190 4053 Heinsium
1205 4009 1238 4051 'et
1258 4000 1400 4050 Bentleium
1417 3999 1513 4051 Raetis
1531 4002 1605 4051 coni-

467 4071 593 4121 ·ubundet.
624 4070 717 4122 Veram
747 4071 872 4122 rationem
902 4070 1015 4118 ostendit
1056 4072 1171 4133 cientes,
1191 4076 1220 4118 ut
1238 4067 1384 4118 sitliaetie
1403 4071 1453 4120 aud
1470 4071 1601 4134 Alpibus.

470 4138 617 4202 usuarius,
637 4141 682 4190 alis
701 4155 749 4206 quo
763 4137 1012 4200 hactenusdiscedo,
1057 4140 1110 4189 lloc
1136 4140 1217 4205 ipsum
1246 4137 1341 4187 ceteris
1370 4139 1437 4189 male
1468 4139 1600 4189 conuenit.
1664 4161 1671 4167 ·
1750 4126 1751 4193 ᾖ

470 4215 499 4257 ut
523 4223 571 4256 non
596 4207 698 4272 iungam
727 4213 832 4260 inienio
862 4207 895 4256 ab
919 4208 1011 4256 alere.
1056 4207 1131 4257 Raeti
1149 4207 1216 4258 enim
1235 4212 1262 4256 et
1274 4205 1403 4257 Vindelici
1421 4207 1448 4256 iu
1465 4208 1511 4256 hoc
1531 4207 1601 4258 bello

470 4273 554 4326 Mater
566 4278 768 4342 cupreaesuluc
787 4276 818 4324 ob
833 4275 923 4340 pellem
937 4289 1014 4323 uoca—
1055 4276 1136 4326 iuucti
1158 4282 1232 4326 erunt
1251 4281 1279 4325 et
1299 4276 1401 4341 utrique
1423 4291 1439 4326 a
1458 4273 1602 4326 Neronibus

469 4353 528 4409 tur,
542 4351 571 4394 ut
583 4345 678 4396 uitulus
691 4345 872 4410 tenersuluus
885 4349 925 4392 est
939 4342 1012 4393 titia
1055 4343 1144 4394 domiti
1167 4351 1242 4393 suut:
1267 4345 1359 4394 mirum
1383 4345 1478 4409 igitur,
1502 4343 1525 4393 si
1549 4345 1601 4394 soli

470 4414 512 4464 do.
539 4412 743 4464 Coniectantium
764 4413 866 4462 labores
888 4427 937 4460 uon
956 4426 1013 4478 per·
1055 4410 1182 4463 Vindelici
1195 4412 1242 4461 suli
1255 4411 1348 4464 Raetis
1360 4415 1475 4477 Alpibus
1488 4411 1602 4462 Drusum

470 4497 572 4598 sequor.
605 4550 636 4599 18
698 4549 722 4598 ‘d
780 4547 801 4598 R
837 4553 860 4598 ti
878 4549 892 4598 b
909 4547 930 4598 Η
998 4549 1012 4597 b
1054 4481 1182 4600 Ridissent
1200 4481 1268 4532 bella
1286 4489 1432 4600 gerentgnss,
1454 4496 1502 4530 nou
1520 4480 1600 4598 etitem

561 4577 595 4588 —
639 4565 701 4598 ,ue
722 4564 767 4598 ere
804 4564 834 4597 ae
895 4563 994 4598 ausu
1077 4564 1129 4599 aer
1168 4566 1194 4600 m
1232 4567 1321 4600 uorum
1343 4566 1446 4601 serus
1467 4561 1600 4600 excretus

467 4619 584 4682 Alpibus
607 4619 729 4667 Drusum
751 4623 890 4684 gerentem
912 4616 1013 4669 Vinea·
1055 4634 1115 4686 suos
1127 4567 1231 4671 drusui
1241 4620 1372 4686 explicuit.
1399 4618 1478 4670 Porro
1497 4617 1599 4668 foedum

1707 3921 1725 3976 ‚x
1750 3926 1751 3931 ,
