3884 5525
253 3947 263 3990 Ι
350 3934 433 3969 amore
447 3935 540 3985 repens
553 3921 667 3970 excitato
679 3920 784 3984 dictum,
795 3928 824 3969 ut
836 3919 891 3969 ieri

244 3995 253 4045 ,’
347 3988 413 4039 solet
425 3989 452 4037 in
464 3988 583 4038 commoti
597 3989 674 4038 animi
687 3989 760 4038 uiris.

778 591 958 657 olnmlnill
977 601 1000 653 ll
1018 603 1045 653 4.

486 792 490 796 ·
554 747 697 834 Xanthia
710 767 853 833 Phoceu:
871 771 960 847 nnus
973 771 1160 834 insolentem

445 882 450 894 “
555 897 648 944 serua
663 879 785 945 Briseis
803 882 898 944 niueo
912 883 1016 946 colore

556 990 839 1071 moultrlobillem3

558 1147 657 1208 mouit
670 1144 800 1206 Aiacem
816 1141 986 1206 'l'elnmouc
1001 1148 1109 1206 uatum

555 1257 656 1318 torma
671 1255 814 1330 captiuae
829 1244 988 1318 dominum
1002 1253 1210 1332 Tecmessae,

503 1390 506 1398 ,
554 1367 634 1428 arsit
647 1364 775 1427 Atrides
791 1367 892 1428 medio
905 1366 939 1426 in
953 1365 1111 1442 triumpho

554 1477 679 1552 uirgine
692 1480 795 1554 rapta,

558 1629 708 1690 barbarae
715 1631 885 1705 nestoriam
900 1627 1041 1690 cecidere
1056 1631 1177 1690 turmae

558 1737 713 1804 Thessalo
727 1740 850 1802 uictore
863 1744 897 1801 et
910 1739 1073 1815 ademptus
1088 1736 1206 1801 ilector
1442 1751 1473 1802 io

414 1926 439 1977 2.
459 1924 643 1991 Xanetbiail,
670 1926 779 1978 Sautbia
795 1927 826 1978 G.
904 1927 1078 1993 pboeenBll:
1104 1925 1246 1976 ioceuAG.
1361 1926 1386 1976 3.
1407 1927 1473 1978 collo

345 1996 454 2046 remouit
464 2012 500 2060 pr
513 1996 549 2059 li,
569 1997 655 2047 colore
667 1997 747 2046 mouit
765 2012 828 2047 corr
840 1997 873 2046 ii.
983 1997 1009 2046 6.
1029 2003 1171 2060 tegmessae
1184 1995 1247 2060 BG,
1266 2001 1391 2046 temaaaae
1405 2013 1473 2048 unns

344 2098 519 2149 aroannam.
626 2100 652 2149 7.
671 2097 775 2149 noorai
788 2098 933 2176 osoplon.
1042 2097 1082 2148 ro.
1098 2099 1241 2164 arrenprus
1251 2099 1287 2162 A,
1303 2099 1336 2150 aa
1348 2073 1431 2150 entus
1440 2101 1472 2152 n.

346 2303 621 2353 nonade'nsolantem.
654 2303 889 2354 Particulauaaum
932 2301 1094 2367 llagellil'ero.
1123 2295 1474 2368 sormar‘specialiterior-

345 2373 387 2421 nel
410 2387 527 2449 numque
551 2372 664 2438 pedestri
688 2373 798 2422 sermoni
823 2373 848 2423 b.
869 2373 888 2423 l.
932 2387 972 2421 ma
993 2387 1037 2436 pro
1057 2370 1244 2436 pulchritudine
1262 2372 1379 2453 Ponitur,
1401 2379 1430 2422 ut
1448 2379 1475 2422 at

346 2441 458 2490 debitam
477 2441 613 2504 neglegere
632 2441 716 2490 solent
734 2449 836 2506 poetae.
930 2440 1031 2491 formae
1044 2438 1144 2488 conscia
1157 2440 1285 2490 coniunx.
1304 2442 1404 2490 Aenon.
1425 2437 1473 2490 Est

342 2503 513 2558 ‘recolentem
528 2509 568 2558 bic
581 2509 715 2575 superbum
728 2517 755 2560 ct
768 2524 889 2574 arrogan-
932 2507 1087 2570 translatio,
1111 2507 1137 2556 iu
1159 2521 1209 2571 qua
1230 2522 1309 2570 genus
1330 2507 1474 2558 admittitur

346 2585 396 2627 tem
406 2571 513 2642 accipe’.
529 2576 699 2628 Poarnraron.
717 2576 805 2628 Recte.
827 2576 889 2628 Nam
932 2593 977 2644 pro
991 2575 1084 2641 specie.

347 2647 471 2711 superbus
488 2647 578 2708 bomo,
604 2647 688 2710 qualis
709 2646 758 2696 init
775 2646 888 2696 Achilles
984 2645 1075 2694 7-8.
1103 2645 1227 2693 ursit-
1245 2645 1351 2709 uirgine
1372 2649 1472 2708 rapta:

347 2714 408 2777 (nl.
426 2714 497 2778 122),
512 2715 616 2765 excelsa
628 2722 655 2765 ct
668 2730 726 2765 rara
740 2715 888 2781 plerumque
931 2712 1056 2777 gradatim
1080 2711 1203 2776 insurgit:
1231 2725 1286 2763 nam
1311 2711 1423 2763 Achilles
1448 2719 1474 2763 et

347 2785 419 2849 petit,
434 2799 484 2833 non
496 2785 640 2833 communia
653 2792 681 2833 ut
693 2785 822 2836 ancillam.
845 2784 887 2834 ei.
931 2783 997 2832 Aiax
1011 2798 1066 2831 cum
1076 2796 1165 2833 sernas
1175 2780 1237 2846 ipsis
1246 2796 1381 2831 concessas
1391 2796 1474 2831 aruas-

348 2854 357 2902 l
370 2854 401 2901 16
411 2853 453 2901 tl:
466 2857 602 2902 exercitas
610 2854 735 2902 insolens.
754 2851 890 2903 biitscber·
932 2859 989 2901 sent
999 2858 1024 2900 ct
1033 2864 1078 2915 pro
1088 2849 1208 2899 uxoribus
1218 2864 1303 2899 seeum
1313 2850 1472 2914 habuissent,

340 2921 439 2970 lichius
458 2920 522 2971 laiso
540 2921 623 2983 iungit
640 2926 718 2987 prius
730 2922 889 2971 insolentem
931 2920 1103 2983 Agamemnon
1116 2918 1197 2966 medio
1211 2918 1236 2967 in
1249 2918 1375 2983 triumpho
1395 2919 1432 2981 (b.
1448 2935 1472 2969 e.

348 2996 373 3039 et
384 2989 498 3054 explicat
515 2984 675 3039 ‘indomitum
688 2990 770 3057 adbuc
782 2983 887 3040 amore’.
932 2989 957 3038 in
970 2988 1054 3038 media
1066 2985 1187 3051 uictoria)
1208 2987 1306 3051 uirgine
1319 3001 1335 3036 a
1347 2986 1473 3037 militibus

398 3084 424 3132 3·
443 3098 525 3132 ,mm
538 3083 657 3132 Bm„
676 3082 787 3145 Briseis,
805 3082 889 3133 Briso,
931 3064 1005 3122 rapta
1024 3055 1195 3120 (Cassandra)
1216 3055 1331 3105 incaluit.
1362 3054 1473 3107 Prudens

348 3152 413 3213 regis
437 3150 492 3199 lilia
516 3151 697 3216 Hippodamia,
727 3160 802 3217 capta
827 3152 889 3201 urbe

347 3219 430 3284 patria
441 3219 539 3269 Pedasa
558 3219 584 3268 in
605 3220 756 3270 seruitutem
775 3220 850 3270 ducta
864 3226 891 3269 et
931 3194 1001 3243 ⁶⁸⁰⁸

347 3287 440 3337 Achiui
451 3288 516 3337 dm
526 3288 587 3337 dm
598 3296 664 3339 em·
681 3288 786 3339 seruam
798 3288 888 3352 fuisse,
932 3262 1039 3312 uitiasse
1052 3261 1135 3312 dictus
1148 3269 1196 3311 est.
1221 3261 1355 3311 tolerinus
1368 3265 1476 3327 uirgine

348 3363 376 3405 u,
387 3354 485 3423 phyllis
503 3357 598 3407 mm,
612 3356 676 3419 fuit,
696 3372 752 3407 mm
771 3358 798 3407 u,
811 3357 890 3406 moni,
932 3336 973 3411 est
989 3344 1064 3379 casus
1076 3330 1118 3395 qui
1132 3344 1234 3380 eausam
1253 3336 1280 3379 et
1299 3328 1393 3381 iontem
1406 3346 1474 3381 amo

348 3432 399 3473 ,m
418 3431 474 3474 m,
494 3424 691 3475 amomi„
705 3426 795 3476 Am
827 3425 876 3474 323
932 3396 1474 3450 rrsnotat.Ci.Carm.ll196=nonala'a

350 3463 475 3559 3363‘14’
495 3493 561 3555 392,
586 3497 613 3543 B
631 3494 767 3559 mmm.3
792 3461 888 3556 1’106:
932 3470 1020 3532 magis
1045 3470 1157 3529 arsisti,
1183 3465 1192 3515 l
1214 3466 1230 3515 4
1253 3466 1300 3516 19:
1326 3484 1379 3532 qno
1404 3468 1476 3518 calet

351 3562 473 3695 gg„
932 3534 1474 3668 Ι.

397 3714 413 3763 4
516 3717 522 3731 .
568 3711 586 3729 ..
714 3716 721 3727 .
934 3676 1036 3722 arsisse
1060 3672 1207 3737 Batonem,-
1235 3669 1270 3739 ,¹¹
1298 3671 1329 3720 6:
1362 3672 1499 3729 lnaebia,

416 3750 424 3764 .
444 3720 550 3765 mouet.-
579 3722 668 3765 runata
680 3730 746 3765 ennn
759 3714 891 3781 uoluptate
927 3741 1037 3807 surm·

350 3783 447 3833 animus
471 3790 606 3846 mouetur,
635 3791 660 3833 et
684 3784 784 3849 proprie
808 3790 891 3832 motus
986 3806 1094 3857 942,
1126 3806 1257 3856 gargara,
1277 3811 1423 3871 postquam
1440 3834 1474 3847 .-

349 3850 462 3901 Ῑῑῧῐᾶῑῑῐῑὸ
486 3845 546 3901 θ’ῗ·
577 3851 675 3902 ΛΜΝ·
719 3852 830 3902 mum
860 3850 891 3900 ‘¹⁰
933 3878 1070 3941 Pergamo
1081 3874 1177 3925 Grais:
1191 3880 1232 3924 et
1244 3874 1327 3941 lyrica
1339 3874 1474 3942 digressio,

934 3946 1008 3996 cuins
1027 3945 1090 3995 baec
1102 3950 1143 3993 est
1160 3942 1243 4006 ratio,
1264 3950 1292 3992 nt
1309 3944 1413 4008 planum
1430 3946 1475 3997 liat

934 4014 1057 4079 quomodo
1081 4026 1192 4063 summus
1216 4010 1267 4061 dux
1285 4012 1438 4063 Achiuorum
1460 4030 1475 4065 a

391 4082 471 4131 5-6.
482 4082 779 4132 mouit-Tecmessae:
789 4080 892 4146 elegen·
934 4081 1095 4146 grauissimis
1108 4080 1176 4131 curis
1191 4080 1318 4145 respirare
1331 4096 1361 4133 ac
1375 4082 1476 4133 leuibus

349 4155 388 4199 ter
404 4166 473 4200 aena
493 4151 599 4216 stropha
617 4158 644 4201 et
661 4150 789 4200 sententia
803 4149 891 4199 eodem
934 4151 1044 4201 animm
1058 4149 1193 4199 aduertere
1205 4150 1326 4214 potuerit.

348 4218 425 4267 uerbo
444 4218 596 4279 lacboatur,
619 4234 667 4284 quo
687 4218 758 4284 prior
769 4216 890 4268 conclusa
987 4218 1013 4267 9.
1034 4219 1165 4268 barbaros
1186 4244 1214 4253 -
1235 4222 1357 4269 turmae:
1377 4227 1476 4271 turmae

348 4293 394 4336 est.
423 4286 460 4335 Ac
483 4301 532 4336 aon
554 4287 609 4335 sine
630 4286 737 4337 consilio
759 4284 890 4349 arroganti
935 4284 1104 4336 Troianorum
1113 4293 1293 4350 memorantur,
1303 4288 1368 4351 qnod
1378 4288 1476 4337 nobiles

348 4354 441 4404 Achilli
458 4370 509 4403 nou
525 4354 609 4404 minus
627 4354 827 4421 superbnsbiax
841 4350 890 4403 Te·
933 4352 1040 4405 Troiani
1064 4354 1095 4404 ab
1117 4354 1216 4404 Acbille
1241 4357 1376 4421 oppugnati
1399 4371 1476 4405 curru

348 4422 473 4473 lamonius
483 4421 644 4485 adiungitur.
666 4423 833 4473 Tecmessam
841 4421 892 4472 iio-
934 4424 1125 4489 pugnauerant:
1152 4438 1208 4473 nam
1229 4430 1327 4473 turmae
1348 4423 1475 4487 equestria

348 4504 415 4540 mero
428 4491 585 4555 incognitam
597 4490 697 4559 cyclici
716 4498 806 4557 poetae
818 4489 892 4540 Aiaci
934 4492 1027 4541 rnilitia
1040 4498 1090 4541 est.

349 4560 528 4623 sociauernnt,
561 4560 619 4609 binc
642 4560 735 4623 tragici
759 4573 891 4623 accepere,
988 4559 1030 4609 10.
1049 4559 1191 4624 ademptus
1203 4558 1316 4608 Hector:
1334 4556 1475 4620 ademptus

349 4636 449 4692 praeter
473 4635 576 4679 eeteros
600 4628 738 4694 Sophocles
762 4627 788 4677 iri
812 4627 891 4677 Aiace
934 4628 1103 4678 Hectoreum
1113 4628 1202 4692 sessis
1217 4626 1298 4677 Grais
1317 4631 1375 4690 apte
1393 4623 1476 4689 iungi·
1503 4676 1505 4681 ,

931 3132 1006 3191 poeta
1025 3124 1127 3174 silentio
1147 3123 1228 3187 texit,
1248 3124 1314 3189 quod
1328 3124 1392 3174 Aiax
1406 3123 1474 3175 Oilei

1026 3192 1197 3242 Cassandram
1222 3199 1281 3241 ante
1307 3195 1422 3259 rapuisse
1447 3200 1474 3243 et
