<?xml version="1.0" encoding="UTF-8"?>
<!DOCTYPE html PUBLIC "-//W3C//DTD XHTML 1.0 Transitional//EN"
    "http://www.w3.org/TR/xhtml1/DTD/xhtml1-transitional.dtd">
<html xmlns="http://www.w3.org/1999/xhtml" xml:lang="en" lang="en">
 <head>
  <title>
</title>
<meta http-equiv="Content-Type" content="text/html;charset=utf-8" />
  <meta name='ocr-system' content='tesseract 3.04.00' />
  <meta name='ocr-capabilities' content='ocr_page ocr_carea ocr_par ocr_line ocrx_word'/>
</head>
<body>
  <div class='ocr_page' id='page_1' title='image "./horatiicarminae00rittgoog/horatiicarminae00rittgoog_0486.png"; bbox 0 0 3884 5525; ppageno 0'>
   <div class='ocr_carea' id='block_1_1' title="bbox 954 564 1093 617">
    <p class='ocr_par' dir='ltr' id='par_1_1' title="bbox 954 564 1093 617">
     <span class='ocr_line' id='line_1_1' title="bbox 954 564 1093 617; baseline 0.014 -2"><span class='ocrx_word' id='word_1_1' title='bbox 954 564 1093 617; x_wconf 76' lang='lat' dir='ltr'><strong>notarit</strong></span> 
     </span>
    </p>
   </div>
   <div class='ocr_carea' id='block_1_2' title="bbox 670 734 1318 925">
    <p class='ocr_par' dir='ltr' id='par_1_2' title="bbox 670 734 1318 925">
     <span class='ocr_line' id='line_1_2' title="bbox 670 734 1318 814; baseline -0.005 -14"><span class='ocrx_word' id='word_1_2' title='bbox 670 754 750 814; x_wconf 84' lang='lat' dir='ltr'><strong>qnae</strong></span> <span class='ocrx_word' id='word_1_3' title='bbox 766 738 870 799; x_wconf 87' lang='lat' dir='ltr'><strong>sidera</strong></span> <span class='ocrx_word' id='word_1_4' title='bbox 884 740 1054 797; x_wconf 78' lang='lat' dir='ltr'><strong>excantata</strong></span> <span class='ocrx_word' id='word_1_5' title='bbox 1070 739 1147 799; x_wconf 81' lang='lat' dir='ltr'><strong>uoce</strong></span> <span class='ocrx_word' id='word_1_6' title='bbox 1163 734 1318 799; x_wconf 87' lang='lat' dir='ltr'><strong>Thessala</strong></span> 
     </span>
     <span class='ocr_line' id='line_1_3' title="bbox 715 846 1159 925; baseline -0.007 -14"><span class='ocrx_word' id='word_1_7' title='bbox 715 850 883 924; x_wconf 87' lang='lat' dir='ltr'><strong>lunamque</strong></span> <span class='ocrx_word' id='word_1_8' title='bbox 898 848 986 908; x_wconf 90' lang='lat' dir='ltr'><strong>caelo</strong></span> <span class='ocrx_word' id='word_1_9' title='bbox 1003 846 1126 924; x_wconf 77' lang='lat' dir='ltr'><strong>deripit.</strong></span> <span class='ocrx_word' id='word_1_10' title='bbox 1157 918 1159 925; x_wconf 27' lang='lat'><strong>¹</strong></span> 
     </span>
    </p>
   </div>
   <div class='ocr_carea' id='block_1_3' title="bbox 671 984 1260 1173">
    <p class='ocr_par' dir='ltr' id='par_1_3' title="bbox 671 984 1260 1173">
     <span class='ocr_line' id='line_1_4' title="bbox 671 984 1260 1047; baseline -0.003 0"><span class='ocrx_word' id='word_1_11' title='bbox 671 986 722 1047; x_wconf 89' lang='lat' dir='ltr'><strong>hic</strong></span> <span class='ocrx_word' id='word_1_12' title='bbox 737 986 927 1047; x_wconf 71' lang='lat' dir='ltr'><strong>inresectum</strong></span> <span class='ocrx_word' id='word_1_13' title='bbox 943 998 1040 1045; x_wconf 88' lang='lat' dir='ltr'><strong>saeua</strong></span> <span class='ocrx_word' id='word_1_14' title='bbox 1056 984 1147 1045; x_wconf 87' lang='lat' dir='ltr'><strong>dente</strong></span> <span class='ocrx_word' id='word_1_15' title='bbox 1162 984 1260 1045; x_wconf 88' lang='lat' dir='ltr'><strong>linido</strong></span> 
     </span>
     <span class='ocr_line' id='line_1_5' title="bbox 718 1091 1138 1173; baseline -0.002 -15"><span class='ocrx_word' id='word_1_16' title='bbox 718 1091 849 1158; x_wconf 79' lang='lat' dir='ltr'><strong>Canidia</strong></span> <span class='ocrx_word' id='word_1_17' title='bbox 865 1096 979 1157; x_wconf 91' lang='lat' dir='ltr'><strong>rodens</strong></span> <span class='ocrx_word' id='word_1_18' title='bbox 995 1095 1138 1173; x_wconf 81' lang='lat' dir='ltr'>pollicem</span> 
     </span>
    </p>
   </div>
   <div class='ocr_carea' id='block_1_4' title="bbox 672 1226 1385 1421">
    <p class='ocr_par' dir='ltr' id='par_1_4' title="bbox 672 1226 1385 1421">
     <span class='ocr_line' id='line_1_6' title="bbox 672 1226 1385 1309; baseline -0.004 -15"><span class='ocrx_word' id='word_1_19' title='bbox 672 1232 746 1309; x_wconf 83' lang='lat' dir='ltr'><strong>quid</strong></span> <span class='ocrx_word' id='word_1_20' title='bbox 761 1232 842 1291; x_wconf 82' lang='lat' dir='ltr'>dixit</span> <span class='ocrx_word' id='word_1_21' title='bbox 856 1235 912 1291; x_wconf 89' lang='lat' dir='ltr'><strong>aut</strong></span> <span class='ocrx_word' id='word_1_22' title='bbox 927 1232 999 1307; x_wconf 86' lang='lat' dir='ltr'><strong>quid</strong></span> <span class='ocrx_word' id='word_1_23' title='bbox 1017 1233 1136 1294; x_wconf 83' lang='lat' dir='ltr'><strong>tacuit?</strong></span> <span class='ocrx_word' id='word_1_24' title='bbox 1148 1226 1181 1293; x_wconf 86' lang='lat' dir='ltr'><strong>‘o</strong></span> <span class='ocrx_word' id='word_1_25' title='bbox 1197 1232 1290 1293; x_wconf 80' lang='lat' dir='ltr'><strong>relius</strong></span> <span class='ocrx_word' id='word_1_26' title='bbox 1308 1232 1385 1293; x_wconf 90' lang='lat' dir='ltr'><strong>meis</strong></span> 
     </span>
     <span class='ocr_line' id='line_1_7' title="bbox 715 1342 1098 1421; baseline 0.003 -18"><span class='ocrx_word' id='word_1_27' title='bbox 715 1357 777 1403; x_wconf 88' lang='lat' dir='ltr'><strong>non</strong></span> <span class='ocrx_word' id='word_1_28' title='bbox 794 1342 935 1403; x_wconf 89' lang='lat' dir='ltr'><strong>inddeles</strong></span> <span class='ocrx_word' id='word_1_29' title='bbox 951 1343 1098 1421; x_wconf 84' lang='lat' dir='ltr'><strong>arbitrae,</strong></span> 
     </span>
    </p>
   </div>
   <div class='ocr_carea' id='block_1_5' title="bbox 588 1476 1312 1667">
    <p class='ocr_par' dir='ltr' id='par_1_5' title="bbox 588 1476 1312 1667">
     <span class='ocr_line' id='line_1_8' title="bbox 588 1476 1312 1556; baseline -0.003 -15"><span class='ocrx_word' id='word_1_30' title='bbox 588 1546 597 1554; x_wconf 63' lang='grc'>,</span> <span class='ocrx_word' id='word_1_31' title='bbox 673 1476 749 1541; x_wconf 89' lang='lat' dir='ltr'><strong>Nox</strong></span> <span class='ocrx_word' id='word_1_32' title='bbox 764 1483 795 1540; x_wconf 91' lang='lat' dir='ltr'><strong>et</strong></span> <span class='ocrx_word' id='word_1_33' title='bbox 809 1477 921 1556; x_wconf 88' lang='lat' dir='ltr'><strong>Diana,</strong></span> <span class='ocrx_word' id='word_1_34' title='bbox 940 1494 1021 1555; x_wconf 83' lang='lat' dir='ltr'><strong>quae</strong></span> <span class='ocrx_word' id='word_1_35' title='bbox 1037 1479 1197 1540; x_wconf 86' lang='lat' dir='ltr'><strong>silentium</strong></span> <span class='ocrx_word' id='word_1_36' title='bbox 1214 1480 1312 1555; x_wconf 83' lang='lat' dir='ltr'><strong>regis,</strong></span> 
     </span>
     <span class='ocr_line' id='line_1_9' title="bbox 717 1592 1131 1667; baseline 0 -17"><span class='ocrx_word' id='word_1_37' title='bbox 717 1604 832 1651; x_wconf 88' lang='lat' dir='ltr'><strong>arcana</strong></span> <span class='ocrx_word' id='word_1_38' title='bbox 848 1605 916 1652; x_wconf 89' lang='lat' dir='ltr'><strong>oum</strong></span> <span class='ocrx_word' id='word_1_39' title='bbox 935 1592 1015 1652; x_wconf 88' lang='lat' dir='ltr'><strong>dunt</strong></span> <span class='ocrx_word' id='word_1_40' title='bbox 1030 1604 1131 1667; x_wconf 86' lang='lat' dir='ltr'><strong>sacra,</strong></span> 
     </span>
    </p>
   </div>
   <div class='ocr_carea' id='block_1_6' title="bbox 646 1726 1407 1913">
    <p class='ocr_par' dir='ltr' id='par_1_6' title="bbox 646 1726 1407 1913">
     <span class='ocr_line' id='line_1_10' title="bbox 677 1726 1407 1803; baseline -0.003 -17"><span class='ocrx_word' id='word_1_41' title='bbox 677 1740 760 1787; x_wconf 90' lang='lat' dir='ltr'><strong>nunc</strong></span> <span class='ocrx_word' id='word_1_42' title='bbox 776 1740 859 1787; x_wconf 88' lang='lat' dir='ltr'><strong>nunc</strong></span> <span class='ocrx_word' id='word_1_43' title='bbox 875 1728 994 1803; x_wconf 79' lang='lat' dir='ltr'><strong>adeste,</strong></span> <span class='ocrx_word' id='word_1_44' title='bbox 1013 1742 1097 1788; x_wconf 88' lang='lat' dir='ltr'><strong>nnnc</strong></span> <span class='ocrx_word' id='word_1_45' title='bbox 1112 1728 1144 1787; x_wconf 92' lang='lat' dir='ltr'><strong>in</strong></span> <span class='ocrx_word' id='word_1_46' title='bbox 1160 1726 1284 1787; x_wconf 89' lang='lat' dir='ltr'><strong>hostilis</strong></span> <span class='ocrx_word' id='word_1_47' title='bbox 1300 1726 1407 1787; x_wconf 88' lang='lat' dir='ltr'><strong>domos</strong></span> 
     </span>
     <span class='ocr_line' id='line_1_11' title="bbox 646 1837 1180 1913; baseline 0.004 -16"><span class='ocrx_word' id='word_1_48' title='bbox 646 1848 651 1859; x_wconf 83' lang='lat'>&#39;</span> <span class='ocrx_word' id='word_1_49' title='bbox 718 1837 798 1898; x_wconf 90' lang='lat' dir='ltr'><strong>iram</strong></span> <span class='ocrx_word' id='word_1_50' title='bbox 814 1841 907 1913; x_wconf 79' lang='lat' dir='ltr'><strong>atque</strong></span> <span class='ocrx_word' id='word_1_51' title='bbox 922 1851 1037 1899; x_wconf 87' lang='lat' dir='ltr'><strong>numen</strong></span> <span class='ocrx_word' id='word_1_52' title='bbox 1054 1838 1180 1899; x_wconf 87' lang='lat' dir='ltr'><strong>uertite.</strong></span> 
     </span>
    </p>
   </div>
   <div class='ocr_carea' id='block_1_7' title="bbox 469 2032 1599 2192">
    <p class='ocr_par' dir='ltr' id='par_1_7' title="bbox 469 2032 1599 2192">
     <span class='ocr_line' id='line_1_12' title="bbox 536 2032 1597 2101; baseline -0.002 -18"><span class='ocrx_word' id='word_1_53' title='bbox 536 2035 580 2083; x_wconf 82' lang='lat'><strong>45.</strong></span> <span class='ocrx_word' id='word_1_54' title='bbox 600 2033 700 2084; x_wconf 83' lang='lat' dir='ltr'><strong>thesala</strong></span> <span class='ocrx_word' id='word_1_55' title='bbox 713 2034 747 2084; x_wconf 82' lang='lat' dir='ltr'><strong>A.</strong></span> <span class='ocrx_word' id='word_1_56' title='bbox 850 2035 893 2084; x_wconf 85' lang='grc'><strong>47.</strong></span> <span class='ocrx_word' id='word_1_57' title='bbox 914 2035 1069 2101; x_wconf 66' lang='lat' dir='ltr'><strong>inresectum</strong></span> <span class='ocrx_word' id='word_1_58' title='bbox 1085 2034 1137 2097; x_wconf 88' lang='lat' dir='ltr'><strong>BS,</strong></span> <span class='ocrx_word' id='word_1_59' title='bbox 1155 2035 1296 2085; x_wconf 87' lang='lat' dir='ltr'><strong>iresectum</strong></span> <span class='ocrx_word' id='word_1_60' title='bbox 1310 2034 1361 2100; x_wconf 82' lang='lat' dir='ltr'><strong>Ag,</strong></span> <span class='ocrx_word' id='word_1_61' title='bbox 1383 2033 1550 2082; x_wconf 86' lang='lat' dir='ltr'><strong>inresectum</strong></span> <span class='ocrx_word' id='word_1_62' title='bbox 1564 2032 1597 2081; x_wconf 87' lang='grc'><strong>11.</strong></span> 
     </span>
     <span class='ocr_line' id='line_1_13' title="bbox 469 2102 1599 2192; baseline -0.004 -38"><span class='ocrx_word' id='word_1_63' title='bbox 469 2118 531 2154; x_wconf 89' lang='lat' dir='ltr'><strong>seua</strong></span> <span class='ocrx_word' id='word_1_64' title='bbox 544 2102 641 2168; x_wconf 83' lang='lat' dir='ltr'><em>BHSg.</em></span> <span class='ocrx_word' id='word_1_65' title='bbox 720 2102 798 2152; x_wconf 87' lang='lat' dir='ltr'><strong>lihido</strong></span> <span class='ocrx_word' id='word_1_66' title='bbox 811 2104 846 2153; x_wconf 89' lang='lat' dir='ltr'><strong>A.</strong></span> <span class='ocrx_word' id='word_1_67' title='bbox 958 2104 1002 2154; x_wconf 87' lang='grc'><strong>49.</strong></span> <span class='ocrx_word' id='word_1_68' title='bbox 1023 2104 1065 2192; x_wconf 42' lang='lat' dir='ltr'><strong>mlvi</strong></span> <span class='ocrx_word' id='word_1_69' title='bbox 1079 2106 1104 2154; x_wconf 85' lang='grc' dir='ltr'><em>Α</em></span> <span class='ocrx_word' id='word_1_70' title='bbox 1117 2104 1145 2167; x_wconf 90' lang='lat' dir='ltr'><strong>(v</strong></span> <span class='ocrx_word' id='word_1_71' title='bbox 1156 2107 1325 2170; x_wconf 69' lang='lat' dir='ltr'><strong>suppositum</strong></span> <span class='ocrx_word' id='word_1_72' title='bbox 1340 2106 1450 2151; x_wconf 81' lang='lat' dir='ltr'><strong>initiam</strong></span> <span class='ocrx_word' id='word_1_73' title='bbox 1465 2104 1599 2152; x_wconf 66' lang='lat' dir='ltr'><strong>orationes</strong></span> 
     </span>
    </p>
   </div>
   <div class='ocr_carea' id='block_1_8' title="bbox 470 2188 1521 2339">
    <p class='ocr_par' dir='ltr' id='par_1_8' title="bbox 470 2188 1521 2339">
     <span class='ocr_line' id='line_1_14' title="bbox 470 2188 1495 2271; baseline -0.004 -16"><span class='ocrx_word' id='word_1_74' title='bbox 470 2188 594 2267; x_wconf 48' lang='lat' dir='ltr'><strong>indicam</strong></span> <span class='ocrx_word' id='word_1_75' title='bbox 613 2220 665 2254; x_wconf 83' lang='lat' dir='ltr'><strong>non</strong></span> <span class='ocrx_word' id='word_1_76' title='bbox 678 2210 720 2255; x_wconf 83' lang='lat' dir='ltr'><strong>ast</strong></span> <span class='ocrx_word' id='word_1_77' title='bbox 730 2209 946 2271; x_wconf 78' lang='lat' dir='ltr'><strong>superscriptum</strong></span> <span class='ocrx_word' id='word_1_78' title='bbox 958 2209 1022 2257; x_wconf 82' lang='lat' dir='ltr'><strong>aocs&#39;</strong></span> <span class='ocrx_word' id='word_1_79' title='bbox 1033 2206 1169 2268; x_wconf 79' lang='lat' dir='ltr'><strong>arbitros).</strong></span> <span class='ocrx_word' id='word_1_80' title='bbox 1275 2206 1317 2255; x_wconf 79' lang='lat' dir='ltr'><strong>to.</strong></span> <span class='ocrx_word' id='word_1_81' title='bbox 1339 2204 1449 2253; x_wconf 84' lang='lat' dir='ltr'><strong>infidelis</strong></span> <span class='ocrx_word' id='word_1_82' title='bbox 1461 2204 1495 2254; x_wconf 88' lang='lat' dir='ltr'><strong>A.</strong></span> 
     </span>
     <span class='ocr_line' id='line_1_15' title="bbox 470 2270 1521 2339; baseline 0 -16"><span class='ocrx_word' id='word_1_83' title='bbox 470 2275 514 2324; x_wconf 84' lang='grc'><strong>51.</strong></span> <span class='ocrx_word' id='word_1_84' title='bbox 533 2290 581 2339; x_wconf 89' lang='lat' dir='ltr'><strong>que</strong></span> <span class='ocrx_word' id='word_1_85' title='bbox 594 2273 623 2324; x_wconf 89' lang='lat' dir='ltr'><strong>S.</strong></span> <span class='ocrx_word' id='word_1_86' title='bbox 729 2275 772 2325; x_wconf 80' lang='lat' dir='ltr'><strong>tt.</strong></span> <span class='ocrx_word' id='word_1_87' title='bbox 792 2274 910 2327; x_wconf 81' lang='lat' dir='ltr'><strong>Archous</strong></span> <span class='ocrx_word' id='word_1_88' title='bbox 923 2274 976 2326; x_wconf 88' lang='lat' dir='ltr'><strong>BS.</strong></span> <span class='ocrx_word' id='word_1_89' title='bbox 1084 2276 1127 2325; x_wconf 80' lang='lat'><strong>53.</strong></span> <span class='ocrx_word' id='word_1_90' title='bbox 1148 2275 1251 2325; x_wconf 90' lang='lat' dir='ltr'><strong>hostilis</strong></span> <span class='ocrx_word' id='word_1_91' title='bbox 1263 2275 1289 2325; x_wconf 87' lang='lat' dir='ltr'><em>A</em></span> <span class='ocrx_word' id='word_1_92' title='bbox 1295 2293 1303 2323; x_wconf 90' lang='grc'><strong>.·</strong></span> <span class='ocrx_word' id='word_1_93' title='bbox 1323 2273 1430 2323; x_wconf 81' lang='lat' dir='ltr'><strong>hostiles</strong></span> <span class='ocrx_word' id='word_1_94' title='bbox 1442 2270 1521 2323; x_wconf 87' lang='lat' dir='ltr'><em>BHS.</em></span> 
     </span>
    </p>
   </div>
   <div class='ocr_carea' id='block_1_9' title="bbox 470 2474 1602 3512">
    <p class='ocr_par' dir='ltr' id='par_1_9' title="bbox 470 2474 1598 2615">
     <span class='ocr_line' id='line_1_16' title="bbox 470 2474 1598 2533; baseline -0.002 -4"><span class='ocrx_word' id='word_1_95' title='bbox 470 2478 1012 2531; x_wconf 78' lang='lat' dir='ltr'><strong>adulterumlatreutSoharanaaeauas.</strong></span> <span class='ocrx_word' id='word_1_96' title='bbox 1057 2482 1131 2533; x_wconf 83' lang='lat' dir='ltr'><strong>caelo</strong></span> <span class='ocrx_word' id='word_1_97' title='bbox 1150 2480 1292 2530; x_wconf 83' lang='lat' dir='ltr'><strong>ducentem</strong></span> <span class='ocrx_word' id='word_1_98' title='bbox 1311 2478 1404 2530; x_wconf 78' lang='lat' dir='ltr'><strong>sidera</strong></span> <span class='ocrx_word' id='word_1_99' title='bbox 1424 2476 1493 2529; x_wconf 79' lang='lat' dir='ltr'><strong>uidi.</strong></span> <span class='ocrx_word' id='word_1_100' title='bbox 1523 2474 1598 2527; x_wconf 82' lang='lat' dir='ltr'><strong>Coui.</strong></span> 
     </span>
     <span class='ocr_line' id='line_1_17' title="bbox 471 2547 1187 2615; baseline 0 -17"><span class='ocrx_word' id='word_1_101' title='bbox 471 2548 523 2598; x_wconf 91' lang='lat' dir='ltr'><strong>Cur</strong></span> <span class='ocrx_word' id='word_1_102' title='bbox 541 2548 622 2609; x_wconf 72' lang='lat' dir='ltr'><strong>igitur</strong></span> <span class='ocrx_word' id='word_1_103' title='bbox 639 2547 664 2599; x_wconf 90' lang='lat' dir='ltr'><strong>iu</strong></span> <span class='ocrx_word' id='word_1_104' title='bbox 683 2548 731 2598; x_wconf 86' lang='lat' dir='ltr'><strong>hac</strong></span> <span class='ocrx_word' id='word_1_105' title='bbox 744 2564 772 2599; x_wconf 87' lang='lat' dir='ltr'><strong>re</strong></span> <span class='ocrx_word' id='word_1_106' title='bbox 785 2550 917 2615; x_wconf 81' lang='lat' dir='ltr'><strong>quiequam</strong></span> <span class='ocrx_word' id='word_1_107' title='bbox 930 2550 1016 2601; x_wconf 85' lang='lat' dir='ltr'><strong>credi·</strong></span> <span class='ocrx_word' id='word_1_108' title='bbox 1057 2552 1089 2601; x_wconf 90' lang='lat' dir='ltr'><strong>ad</strong></span> <span class='ocrx_word' id='word_1_109' title='bbox 1103 2567 1129 2600; x_wconf 91' lang='lat' dir='ltr'><strong>u.</strong></span> <span class='ocrx_word' id='word_1_110' title='bbox 1144 2550 1187 2599; x_wconf 82' lang='lat'><strong>21.</strong></span> 
     </span>
    </p>

    <p class='ocr_par' dir='ltr' id='par_1_10' title="bbox 471 2614 1602 3100">
     <span class='ocr_line' id='line_1_18' title="bbox 471 2614 1599 2682; baseline -0.002 -17"><span class='ocrx_word' id='word_1_111' title='bbox 471 2616 509 2666; x_wconf 90' lang='lat' dir='ltr'><strong>dit</strong></span> <span class='ocrx_word' id='word_1_112' title='bbox 528 2616 611 2666; x_wconf 87' lang='lat' dir='ltr'><strong>otiosa</strong></span> <span class='ocrx_word' id='word_1_113' title='bbox 625 2615 745 2682; x_wconf 81' lang='lat' dir='ltr'><strong>Neapolis</strong></span> <span class='ocrx_word' id='word_1_114' title='bbox 765 2625 791 2667; x_wconf 90' lang='lat' dir='ltr'><strong>et</strong></span> <span class='ocrx_word' id='word_1_115' title='bbox 811 2633 883 2668; x_wconf 88' lang='lat' dir='ltr'><strong>omne</strong></span> <span class='ocrx_word' id='word_1_116' title='bbox 901 2619 1014 2668; x_wconf 89' lang='lat' dir='ltr'><strong>uicinum</strong></span> <span class='ocrx_word' id='word_1_117' title='bbox 1108 2616 1221 2669; x_wconf 84' lang='grc'><strong>47-48.</strong></span> <span class='ocrx_word' id='word_1_118' title='bbox 1245 2617 1324 2667; x_wconf 83' lang='lat' dir='ltr'><strong>denia</strong></span> <span class='ocrx_word' id='word_1_119' title='bbox 1341 2614 1599 2667; x_wconf 74' lang='lat' dir='ltr'><strong>liraldo—rodens:</strong></span> 
     </span>
     <span class='ocr_line' id='line_1_19' title="bbox 471 2683 1602 2751; baseline -0.001 -17"><span class='ocrx_word' id='word_1_120' title='bbox 471 2685 605 2751; x_wconf 84' lang='lat' dir='ltr'><strong>oppidumi</strong></span> <span class='ocrx_word' id='word_1_121' title='bbox 623 2684 785 2751; x_wconf 82' lang='lat' dir='ltr'><strong>liespoodent</strong></span> <span class='ocrx_word' id='word_1_122' title='bbox 796 2687 951 2737; x_wconf 85' lang='lat' dir='ltr'><strong>scholiastae</strong></span> <span class='ocrx_word' id='word_1_123' title='bbox 965 2688 1016 2737; x_wconf 89' lang='lat' dir='ltr'><strong>Ca·</strong></span> <span class='ocrx_word' id='word_1_124' title='bbox 1052 2684 1177 2738; x_wconf 86' lang='lat' dir='ltr'><strong>‘habitum</strong></span> <span class='ocrx_word' id='word_1_125' title='bbox 1196 2693 1222 2737; x_wconf 83' lang='lat' dir='ltr'><strong>ct</strong></span> <span class='ocrx_word' id='word_1_126' title='bbox 1240 2693 1323 2737; x_wconf 88' lang='lat' dir='ltr'><strong>motus</strong></span> <span class='ocrx_word' id='word_1_127' title='bbox 1336 2684 1460 2735; x_wconf 87' lang='lat' dir='ltr'><strong>Canidiae</strong></span> <span class='ocrx_word' id='word_1_128' title='bbox 1473 2683 1602 2750; x_wconf 76' lang='lat' dir='ltr'><strong>expressit</strong></span> 
     </span>
     <span class='ocr_line' id='line_1_20' title="bbox 472 2752 1601 2822; baseline -0.001 -19"><span class='ocrx_word' id='word_1_129' title='bbox 472 2754 566 2804; x_wconf 85' lang='lat' dir='ltr'><strong>uidiam</strong></span> <span class='ocrx_word' id='word_1_130' title='bbox 585 2752 779 2822; x_wconf 84' lang='lat' dir='ltr'><strong>Neapolitanam</strong></span> <span class='ocrx_word' id='word_1_131' title='bbox 799 2754 894 2820; x_wconf 77' lang='lat' dir='ltr'><strong>fuisse,</strong></span> <span class='ocrx_word' id='word_1_132' title='bbox 915 2755 1016 2808; x_wconf 88' lang='lat' dir='ltr'><strong>etPor-</strong></span> <span class='ocrx_word' id='word_1_133' title='bbox 1056 2756 1178 2809; x_wconf 78' lang='lat' dir='ltr'><strong>furentis.</strong></span> <span class='ocrx_word' id='word_1_134' title='bbox 1197 2754 1332 2806; x_wconf 86' lang='lat' dir='ltr'><strong>Petronius</strong></span> <span class='ocrx_word' id='word_1_135' title='bbox 1350 2763 1379 2806; x_wconf 88' lang='lat' dir='ltr'><strong>ut</strong></span> <span class='ocrx_word' id='word_1_136' title='bbox 1391 2761 1549 2805; x_wconf 87' lang='lat' dir='ltr'><strong>monstraret</strong></span> <span class='ocrx_word' id='word_1_137' title='bbox 1562 2752 1601 2802; x_wconf 90' lang='grc' dir='ltr'><strong>1ιι-</strong></span> 
     </span>
     <span class='ocr_line' id='line_1_21' title="bbox 471 2823 1602 2909; baseline 0 -37"><span class='ocrx_word' id='word_1_138' title='bbox 471 2824 578 2890; x_wconf 80' lang='lat' dir='ltr'><strong>phprion</strong></span> <span class='ocrx_word' id='word_1_139' title='bbox 614 2839 716 2874; x_wconf 82' lang='lat' dir='ltr'><strong>scenam</strong></span> <span class='ocrx_word' id='word_1_140' title='bbox 752 2823 876 2875; x_wconf 86' lang='lat' dir='ltr'><strong>laciuoris</strong></span> <span class='ocrx_word' id='word_1_141' title='bbox 905 2823 1016 2889; x_wconf 87' lang='lat' dir='ltr'><strong>Neapoli</strong></span> <span class='ocrx_word' id='word_1_142' title='bbox 1057 2835 1170 2878; x_wconf 86' lang='lat' dir='ltr'><strong>rentem:</strong></span> <span class='ocrx_word' id='word_1_143' title='bbox 1188 2823 1602 2909; x_wconf 79' lang='lat' dir='ltr'><strong>pollicauitasqaeadperiou-</strong></span> 
     </span>
     <span class='ocr_line' id='line_1_22' title="bbox 471 2891 1601 2958; baseline -0.002 -16"><span class='ocrx_word' id='word_1_144' title='bbox 471 2892 553 2942; x_wconf 85' lang='lat' dir='ltr'><strong>inisse</strong></span> <span class='ocrx_word' id='word_1_145' title='bbox 569 2893 672 2943; x_wconf 82' lang='lat' dir='ltr'><strong>statuit.</strong></span> <span class='ocrx_word' id='word_1_146' title='bbox 692 2892 744 2942; x_wconf 88' lang='lat' dir='ltr'><strong>lloc</strong></span> <span class='ocrx_word' id='word_1_147' title='bbox 763 2891 857 2943; x_wconf 84' lang='lat' dir='ltr'><strong>laisum</strong></span> <span class='ocrx_word' id='word_1_148' title='bbox 876 2902 932 2958; x_wconf 87' lang='lat' dir='ltr'><strong>est,</strong></span> <span class='ocrx_word' id='word_1_149' title='bbox 950 2895 1014 2946; x_wconf 86' lang='lat' dir='ltr'><strong>iilud</strong></span> <span class='ocrx_word' id='word_1_150' title='bbox 1057 2897 1113 2946; x_wconf 84' lang='lat' dir='ltr'><strong>lum</strong></span> <span class='ocrx_word' id='word_1_151' title='bbox 1127 2911 1189 2946; x_wconf 79' lang='lat' dir='ltr'><strong>roso</strong></span> <span class='ocrx_word' id='word_1_152' title='bbox 1202 2931 1209 2944; x_wconf 89' lang='lat'><em>.</em></span> <span class='ocrx_word' id='word_1_153' title='bbox 1223 2894 1322 2944; x_wconf 77' lang='lat' dir='ltr'><strong>Aaron.</strong></span> <span class='ocrx_word' id='word_1_154' title='bbox 1342 2892 1463 2942; x_wconf 89' lang='lat' dir='ltr'><strong>Horatius</strong></span> <span class='ocrx_word' id='word_1_155' title='bbox 1476 2891 1540 2942; x_wconf 92' lang='lat' dir='ltr'><strong>nihil</strong></span> <span class='ocrx_word' id='word_1_156' title='bbox 1553 2891 1601 2940; x_wconf 89' lang='lat' dir='ltr'><strong>nisi</strong></span> 
     </span>
     <span class='ocr_line' id='line_1_23' title="bbox 471 2959 1601 3026; baseline 0 -16"><span class='ocrx_word' id='word_1_157' title='bbox 471 2977 503 3012; x_wconf 81' lang='lat' dir='ltr'><strong>ex</strong></span> <span class='ocrx_word' id='word_1_158' title='bbox 519 2963 566 3011; x_wconf 88' lang='lat' dir='ltr'><strong>hoc</strong></span> <span class='ocrx_word' id='word_1_159' title='bbox 579 2961 635 3026; x_wconf 89' lang='lat' dir='ltr'><strong>ipso</strong></span> <span class='ocrx_word' id='word_1_160' title='bbox 651 2978 726 3012; x_wconf 88' lang='lat' dir='ltr'><strong>uersu</strong></span> <span class='ocrx_word' id='word_1_161' title='bbox 745 2969 842 3013; x_wconf 87' lang='lat' dir='ltr'><strong>temere</strong></span> <span class='ocrx_word' id='word_1_162' title='bbox 859 2964 1014 3014; x_wconf 86' lang='lat' dir='ltr'><strong>coniectum.</strong></span> <span class='ocrx_word' id='word_1_163' title='bbox 1058 2964 1184 3016; x_wconf 84' lang='lat' dir='ltr'><strong>sollicitae</strong></span> <span class='ocrx_word' id='word_1_164' title='bbox 1206 2977 1284 3014; x_wconf 88' lang='lat' dir='ltr'><strong>curae</strong></span> <span class='ocrx_word' id='word_1_165' title='bbox 1304 2970 1331 3012; x_wconf 84' lang='lat' dir='ltr'><strong>et</strong></span> <span class='ocrx_word' id='word_1_166' title='bbox 1350 2962 1419 3012; x_wconf 85' lang='lat' dir='ltr'><strong>altae</strong></span> <span class='ocrx_word' id='word_1_167' title='bbox 1438 2959 1601 3025; x_wconf 79' lang='lat' dir='ltr'><strong>cogitationis</strong></span> 
     </span>
     <span class='ocr_line' id='line_1_24' title="bbox 471 3029 1462 3100; baseline -0.002 -21"><span class='ocrx_word' id='word_1_168' title='bbox 471 3029 592 3080; x_wconf 77' lang='lat' dir='ltr'><strong>Horatius</strong></span> <span class='ocrx_word' id='word_1_169' title='bbox 612 3030 746 3082; x_wconf 84' lang='lat' dir='ltr'><strong>Canidiam</strong></span> <span class='ocrx_word' id='word_1_170' title='bbox 767 3039 794 3080; x_wconf 93' lang='lat' dir='ltr'><strong>ut</strong></span> <span class='ocrx_word' id='word_1_171' title='bbox 814 3033 945 3084; x_wconf 88' lang='lat' dir='ltr'><strong>mulierem</strong></span> <span class='ocrx_word' id='word_1_172' title='bbox 965 3031 1015 3082; x_wconf 84' lang='lat' dir='ltr'><strong>Ro·</strong></span> <span class='ocrx_word' id='word_1_173' title='bbox 1058 3033 1166 3100; x_wconf 87' lang='lat' dir='ltr'><strong>speciem</strong></span> <span class='ocrx_word' id='word_1_174' title='bbox 1180 3032 1283 3082; x_wconf 90' lang='lat' dir='ltr'><strong>uidetur</strong></span> <span class='ocrx_word' id='word_1_175' title='bbox 1295 3031 1462 3096; x_wconf 86' lang='lat' dir='ltr'><strong>expressisse.</strong></span> 
     </span>
    </p>

    <p class='ocr_par' dir='ltr' id='par_1_11' title="bbox 471 3097 1601 3512">
     <span class='ocr_line' id='line_1_25' title="bbox 471 3097 1600 3166; baseline -0.002 -18"><span class='ocrx_word' id='word_1_176' title='bbox 471 3114 570 3148; x_wconf 83' lang='lat' dir='ltr'><strong>manum</strong></span> <span class='ocrx_word' id='word_1_177' title='bbox 590 3105 616 3147; x_wconf 91' lang='lat' dir='ltr'><strong>et</strong></span> <span class='ocrx_word' id='word_1_178' title='bbox 628 3097 723 3150; x_wconf 85' lang='lat' dir='ltr'><strong>Romae</strong></span> <span class='ocrx_word' id='word_1_179' title='bbox 741 3107 857 3163; x_wconf 70' lang='lat' dir='ltr'><strong>agentem</strong></span> <span class='ocrx_word' id='word_1_180' title='bbox 870 3101 963 3166; x_wconf 88' lang='lat' dir='ltr'><strong>ubique</strong></span> <span class='ocrx_word' id='word_1_181' title='bbox 978 3101 1015 3149; x_wconf 90' lang='lat' dir='ltr'><strong>iu·</strong></span> <span class='ocrx_word' id='word_1_182' title='bbox 1109 3102 1153 3151; x_wconf 88' lang='grc'><strong>49.</strong></span> <span class='ocrx_word' id='word_1_183' title='bbox 1174 3101 1242 3166; x_wconf 82' lang='lat' dir='ltr'><strong>quid</strong></span> <span class='ocrx_word' id='word_1_184' title='bbox 1254 3100 1324 3150; x_wconf 73' lang='lat' dir='ltr'><strong>dieu</strong></span> <span class='ocrx_word' id='word_1_185' title='bbox 1337 3105 1388 3150; x_wconf 86' lang='lat' dir='ltr'><strong>aut</strong></span> <span class='ocrx_word' id='word_1_186' title='bbox 1400 3097 1465 3164; x_wconf 83' lang='lat' dir='ltr'><strong>qaid</strong></span> <span class='ocrx_word' id='word_1_187' title='bbox 1478 3099 1600 3148; x_wconf 69' lang='lat' dir='ltr'><strong>toenitis</strong></span> 
     </span>
     <span class='ocr_line' id='line_1_26' title="bbox 471 3165 1601 3236; baseline 0 -20"><span class='ocrx_word' id='word_1_188' title='bbox 471 3167 555 3216; x_wconf 84' lang='lat' dir='ltr'><strong>(luxit.</strong></span> <span class='ocrx_word' id='word_1_189' title='bbox 575 3165 662 3230; x_wconf 88' lang='lat' dir='ltr'><strong>Neque</strong></span> <span class='ocrx_word' id='word_1_190' title='bbox 681 3169 712 3218; x_wconf 91' lang='lat' dir='ltr'><strong>da</strong></span> <span class='ocrx_word' id='word_1_191' title='bbox 725 3167 833 3217; x_wconf 86' lang='lat' dir='ltr'><strong>Canidia</strong></span> <span class='ocrx_word' id='word_1_192' title='bbox 852 3186 918 3220; x_wconf 88' lang='lat' dir='ltr'><strong>nunc</strong></span> <span class='ocrx_word' id='word_1_193' title='bbox 930 3185 1014 3218; x_wconf 90' lang='lat' dir='ltr'><strong>sermo</strong></span> <span class='ocrx_word' id='word_1_194' title='bbox 1057 3178 1134 3236; x_wconf 87' lang='lat' dir='ltr'><strong>poeta</strong></span> <span class='ocrx_word' id='word_1_195' title='bbox 1147 3169 1210 3219; x_wconf 89' lang='lat' dir='ltr'><strong>haec</strong></span> <span class='ocrx_word' id='word_1_196' title='bbox 1225 3168 1323 3218; x_wconf 86' lang='lat' dir='ltr'><strong>Musam</strong></span> <span class='ocrx_word' id='word_1_197' title='bbox 1337 3174 1425 3232; x_wconf 82' lang='lat' dir='ltr'><strong>rogat:</strong></span> <span class='ocrx_word' id='word_1_198' title='bbox 1445 3166 1535 3232; x_wconf 87' lang='lat' dir='ltr'><strong>quippe</strong></span> <span class='ocrx_word' id='word_1_199' title='bbox 1546 3165 1601 3230; x_wconf 90' lang='lat' dir='ltr'><strong>ipsc</strong></span> 
     </span>
     <span class='ocr_line' id='line_1_27' title="bbox 472 3234 1601 3301; baseline -0.001 -17"><span class='ocrx_word' id='word_1_200' title='bbox 472 3243 527 3297; x_wconf 87' lang='lat' dir='ltr'><strong>est,</strong></span> <span class='ocrx_word' id='word_1_201' title='bbox 545 3235 590 3286; x_wconf 83' lang='lat' dir='ltr'><strong>sed</strong></span> <span class='ocrx_word' id='word_1_202' title='bbox 604 3234 634 3283; x_wconf 90' lang='lat' dir='ltr'><strong>de</strong></span> <span class='ocrx_word' id='word_1_203' title='bbox 647 3234 844 3286; x_wconf 75' lang='lat' dir='ltr'><strong>Foliadrimiui</strong></span> <span class='ocrx_word' id='word_1_204' title='bbox 858 3245 927 3286; x_wconf 79' lang='lat' dir='ltr'><strong>nuta.</strong></span> <span class='ocrx_word' id='word_1_205' title='bbox 947 3235 1015 3288; x_wconf 86' lang='lat' dir='ltr'><strong>Nea·</strong></span> <span class='ocrx_word' id='word_1_206' title='bbox 1057 3253 1143 3290; x_wconf 86' lang='lat' dir='ltr'><strong>coram</strong></span> <span class='ocrx_word' id='word_1_207' title='bbox 1163 3254 1211 3288; x_wconf 90' lang='lat' dir='ltr'><strong>nou</strong></span> <span class='ocrx_word' id='word_1_208' title='bbox 1232 3237 1294 3301; x_wconf 85' lang='lat' dir='ltr'><strong>tuit,</strong></span> <span class='ocrx_word' id='word_1_209' title='bbox 1316 3237 1359 3288; x_wconf 90' lang='lat' dir='ltr'><strong>sed</strong></span> <span class='ocrx_word' id='word_1_210' title='bbox 1380 3235 1503 3286; x_wconf 87' lang='lat' dir='ltr'><strong>Canidiae</strong></span> <span class='ocrx_word' id='word_1_211' title='bbox 1521 3235 1601 3284; x_wconf 89' lang='lat' dir='ltr'><strong>uerba</strong></span> 
     </span>
     <span class='ocr_line' id='line_1_28' title="bbox 471 3302 1599 3369; baseline 0.003 -20"><span class='ocrx_word' id='word_1_212' title='bbox 471 3302 548 3368; x_wconf 91' lang='lat' dir='ltr'><strong>polim</strong></span> <span class='ocrx_word' id='word_1_213' title='bbox 567 3317 633 3350; x_wconf 89' lang='lat' dir='ltr'><strong>nuuc</strong></span> <span class='ocrx_word' id='word_1_214' title='bbox 654 3303 805 3352; x_wconf 86' lang='lat' dir='ltr'><strong>memorauit</strong></span> <span class='ocrx_word' id='word_1_215' title='bbox 824 3312 853 3353; x_wconf 89' lang='lat' dir='ltr'><strong>ut</strong></span> <span class='ocrx_word' id='word_1_216' title='bbox 872 3305 978 3368; x_wconf 91' lang='lat' dir='ltr'><strong>urbem,</strong></span> <span class='ocrx_word' id='word_1_217' title='bbox 1000 3322 1016 3356; x_wconf 90' lang='lat' dir='ltr'><strong>a</strong></span> <span class='ocrx_word' id='word_1_218' title='bbox 1043 3303 1599 3369; x_wconf 79' lang='lat' dir='ltr'><strong>,autcogitaliouesalllusaacceptarelert.</strong></span> 
     </span>
     <span class='ocr_line' id='line_1_29' title="bbox 472 3369 1601 3436; baseline 0 -15"><span class='ocrx_word' id='word_1_219' title='bbox 472 3370 546 3421; x_wconf 90' lang='lat' dir='ltr'><strong>cuius</strong></span> <span class='ocrx_word' id='word_1_220' title='bbox 564 3369 665 3420; x_wconf 77' lang='lat' dir='ltr'><strong>ciuilius</strong></span> <span class='ocrx_word' id='word_1_221' title='bbox 683 3371 774 3421; x_wconf 90' lang='lat' dir='ltr'><strong>otiosis</strong></span> <span class='ocrx_word' id='word_1_222' title='bbox 787 3372 866 3422; x_wconf 85' lang='lat' dir='ltr'><strong>multa</strong></span> <span class='ocrx_word' id='word_1_223' title='bbox 879 3373 944 3424; x_wconf 90' lang='lat' dir='ltr'><strong>mira</strong></span> <span class='ocrx_word' id='word_1_224' title='bbox 956 3389 1016 3424; x_wconf 91' lang='lat' dir='ltr'><strong>uar-</strong></span> <span class='ocrx_word' id='word_1_225' title='bbox 1110 3376 1222 3426; x_wconf 80' lang='lat'>49-50.</span> <span class='ocrx_word' id='word_1_226' title='bbox 1243 3376 1322 3426; x_wconf 81' lang='lat' dir='ltr'><strong>rebus</strong></span> <span class='ocrx_word' id='word_1_227' title='bbox 1335 3401 1367 3412; x_wconf 91' lang='lat'>-</span> <span class='ocrx_word' id='word_1_228' title='bbox 1380 3375 1518 3423; x_wconf 75' lang='lat' dir='ltr'><strong>achima:</strong></span> <span class='ocrx_word' id='word_1_229' title='bbox 1536 3387 1601 3436; x_wconf 86' lang='lat' dir='ltr'><strong>quae</strong></span> 
     </span>
     <span class='ocr_line' id='line_1_30' title="bbox 472 3440 1517 3512; baseline 0.002 -24"><span class='ocrx_word' id='word_1_230' title='bbox 472 3446 577 3500; x_wconf 89' lang='lat' dir='ltr'><strong>rentur,</strong></span> <span class='ocrx_word' id='word_1_231' title='bbox 598 3446 650 3488; x_wconf 91' lang='lat' dir='ltr'><strong>tum</strong></span> <span class='ocrx_word' id='word_1_232' title='bbox 667 3447 696 3489; x_wconf 92' lang='lat' dir='ltr'><strong>ut</strong></span> <span class='ocrx_word' id='word_1_233' title='bbox 714 3440 752 3489; x_wconf 90' lang='lat' dir='ltr'><strong>rei</strong></span> <span class='ocrx_word' id='word_1_234' title='bbox 773 3455 788 3490; x_wconf 84' lang='lat' dir='ltr'><strong>a</strong></span> <span class='ocrx_word' id='word_1_235' title='bbox 806 3456 834 3490; x_wconf 88' lang='lat' dir='ltr'><strong>se</strong></span> <span class='ocrx_word' id='word_1_236' title='bbox 847 3442 948 3509; x_wconf 73' lang='lat' dir='ltr'><strong>relatae</strong></span> <span class='ocrx_word' id='word_1_237' title='bbox 960 3459 1016 3494; x_wconf 86' lang='lat' dir='ltr'><strong>ma·</strong></span> <span class='ocrx_word' id='word_1_238' title='bbox 1058 3453 1149 3512; x_wconf 87' lang='lat' dir='ltr'><strong>coepta</strong></span> <span class='ocrx_word' id='word_1_239' title='bbox 1162 3459 1219 3496; x_wconf 82' lang='lat' dir='ltr'><strong>mea</strong></span> <span class='ocrx_word' id='word_1_240' title='bbox 1232 3443 1325 3502; x_wconf 87' lang='lat' dir='ltr'><strong>uidetis</strong></span> <span class='ocrx_word' id='word_1_241' title='bbox 1338 3448 1364 3494; x_wconf 90' lang='lat' dir='ltr'><strong>et</strong></span> <span class='ocrx_word' id='word_1_242' title='bbox 1378 3441 1517 3492; x_wconf 88' lang='lat' dir='ltr'><strong>adiuuatis.</strong></span> 
     </span>
    </p>
   </div>
   <div class='ocr_carea' id='block_1_10' title="bbox 381 3507 1639 3573">
    <p class='ocr_par' dir='ltr' id='par_1_12' title="bbox 381 3507 1639 3573">
     <span class='ocr_line' id='line_1_31' title="bbox 381 3507 1639 3573; baseline 0 -18"><span class='ocrx_word' id='word_1_243' title='bbox 381 3555 389 3563; x_wconf 82' lang='grc'><strong>,</strong></span> <span class='ocrx_word' id='word_1_244' title='bbox 472 3522 547 3572; x_wconf 73' lang='lat' dir='ltr'><strong>guam</strong></span> <span class='ocrx_word' id='word_1_245' title='bbox 571 3507 680 3573; x_wconf 86' lang='lat' dir='ltr'><strong>speciem</strong></span> <span class='ocrx_word' id='word_1_246' title='bbox 702 3509 881 3560; x_wconf 77' lang='lat' dir='ltr'><strong>circumdaret.</strong></span> <span class='ocrx_word' id='word_1_247' title='bbox 911 3511 964 3561; x_wconf 88' lang='lat' dir='ltr'><strong>lloe</strong></span> <span class='ocrx_word' id='word_1_248' title='bbox 987 3520 1016 3564; x_wconf 92' lang='lat' dir='ltr'><strong>ut</strong></span> <span class='ocrx_word' id='word_1_249' title='bbox 1110 3514 1152 3564; x_wconf 81' lang='lat'><strong>53.</strong></span> <span class='ocrx_word' id='word_1_250' title='bbox 1173 3517 1201 3562; x_wconf 80' lang='lat' dir='ltr'><strong>iu</strong></span> <span class='ocrx_word' id='word_1_251' title='bbox 1219 3512 1326 3564; x_wconf 80' lang='lat' dir='ltr'><strong>hostilis</strong></span> <span class='ocrx_word' id='word_1_252' title='bbox 1345 3511 1454 3562; x_wconf 80' lang='lat' dir='ltr'><strong>domos:</strong></span> <span class='ocrx_word' id='word_1_253' title='bbox 1474 3507 1639 3560; x_wconf 77' lang='lat' dir='ltr'><strong>uhihahi-,</strong></span> 
     </span>
    </p>
   </div>
   <div class='ocr_carea' id='block_1_11' title="bbox 451 3577 1606 4676">
    <p class='ocr_par' dir='ltr' id='par_1_13' title="bbox 451 3577 1606 4676">
     <span class='ocr_line' id='line_1_32' title="bbox 472 3577 1602 3645; baseline 0.003 -20"><span class='ocrx_word' id='word_1_254' title='bbox 472 3577 552 3639; x_wconf 78' lang='lat' dir='ltr'><strong>magis</strong></span> <span class='ocrx_word' id='word_1_255' title='bbox 563 3585 754 3642; x_wconf 86' lang='lat' dir='ltr'><strong>assequeretur,</strong></span> <span class='ocrx_word' id='word_1_256' title='bbox 765 3577 947 3644; x_wconf 90' lang='lat' dir='ltr'><strong>Neapolitanos</strong></span> <span class='ocrx_word' id='word_1_257' title='bbox 959 3597 1015 3630; x_wconf 84' lang='lat' dir='ltr'><strong>cum</strong></span> <span class='ocrx_word' id='word_1_258' title='bbox 1058 3589 1115 3634; x_wconf 89' lang='lat' dir='ltr'><strong>tant</strong></span> <span class='ocrx_word' id='word_1_259' title='bbox 1135 3581 1251 3634; x_wconf 86' lang='lat' dir='ltr'><strong>aemulae</strong></span> <span class='ocrx_word' id='word_1_260' title='bbox 1273 3595 1339 3645; x_wconf 87' lang='lat' dir='ltr'><strong>quae</strong></span> <span class='ocrx_word' id='word_1_261' title='bbox 1359 3586 1497 3630; x_wconf 89' lang='lat' dir='ltr'><strong>amatorem</strong></span> <span class='ocrx_word' id='word_1_262' title='bbox 1519 3593 1602 3628; x_wconf 90' lang='lat' dir='ltr'><strong>meum</strong></span> 
     </span>
     <span class='ocr_line' id='line_1_33' title="bbox 471 3645 1603 3713; baseline -0.001 -17"><span class='ocrx_word' id='word_1_263' title='bbox 471 3645 627 3696; x_wconf 78' lang='lat' dir='ltr'><strong>Ariminensi</strong></span> <span class='ocrx_word' id='word_1_264' title='bbox 645 3647 751 3696; x_wconf 88' lang='lat' dir='ltr'><strong>muliere</strong></span> <span class='ocrx_word' id='word_1_265' title='bbox 769 3648 916 3713; x_wconf 86' lang='lat' dir='ltr'><strong>composuit.</strong></span> <span class='ocrx_word' id='word_1_266' title='bbox 939 3647 1016 3700; x_wconf 91' lang='lat' dir='ltr'><strong>Scili·</strong></span> <span class='ocrx_word' id='word_1_267' title='bbox 1058 3651 1153 3704; x_wconf 87' lang='lat' dir='ltr'><strong>Varmn</strong></span> <span class='ocrx_word' id='word_1_268' title='bbox 1166 3657 1295 3702; x_wconf 89' lang='lat' dir='ltr'><strong>auertunt.</strong></span> <span class='ocrx_word' id='word_1_269' title='bbox 1314 3652 1396 3700; x_wconf 82' lang='lat' dir='ltr'><strong>Acron</strong></span> <span class='ocrx_word' id='word_1_270' title='bbox 1410 3648 1440 3698; x_wconf 89' lang='lat' dir='ltr'><strong>de</strong></span> <span class='ocrx_word' id='word_1_271' title='bbox 1453 3645 1516 3697; x_wconf 91' lang='lat' dir='ltr'><strong>Vari</strong></span> <span class='ocrx_word' id='word_1_272' title='bbox 1530 3647 1603 3696; x_wconf 90' lang='lat' dir='ltr'><strong>domo</strong></span> 
     </span>
     <span class='ocr_line' id='line_1_34' title="bbox 472 3713 1603 3786; baseline 0 -21"><span class='ocrx_word' id='word_1_273' title='bbox 472 3723 514 3765; x_wconf 90' lang='lat' dir='ltr'><strong>eet</strong></span> <span class='ocrx_word' id='word_1_274' title='bbox 526 3730 605 3780; x_wconf 83' lang='lat' dir='ltr'><strong>usque</strong></span> <span class='ocrx_word' id='word_1_275' title='bbox 618 3715 649 3765; x_wconf 91' lang='lat' dir='ltr'><strong>ad</strong></span> <span class='ocrx_word' id='word_1_276' title='bbox 661 3713 793 3780; x_wconf 90' lang='lat' dir='ltr'><strong>Neapolim</strong></span> <span class='ocrx_word' id='word_1_277' title='bbox 809 3716 875 3767; x_wconf 85' lang='lat' dir='ltr'><strong>lama</strong></span> <span class='ocrx_word' id='word_1_278' title='bbox 888 3719 1015 3783; x_wconf 85' lang='lat' dir='ltr'><strong>peruasit,</strong></span> <span class='ocrx_word' id='word_1_279' title='bbox 1058 3721 1173 3786; x_wconf 84' lang='lat' dir='ltr'><strong>accepit,</strong></span> <span class='ocrx_word' id='word_1_280' title='bbox 1200 3718 1245 3770; x_wconf 87' lang='lat' dir='ltr'><strong>sed</strong></span> <span class='ocrx_word' id='word_1_281' title='bbox 1267 3715 1350 3770; x_wconf 87' lang='lat' dir='ltr'><strong>Varus</strong></span> <span class='ocrx_word' id='word_1_282' title='bbox 1375 3717 1456 3768; x_wconf 89' lang='lat' dir='ltr'><strong>hostis</strong></span> <span class='ocrx_word' id='word_1_283' title='bbox 1479 3715 1603 3768; x_wconf 87' lang='lat' dir='ltr'><strong>Canidiae</strong></span> 
     </span>
     <span class='ocr_line' id='line_1_35' title="bbox 472 3783 1171 3849; baseline 0.009 -17"><span class='ocrx_word' id='word_1_284' title='bbox 472 3784 532 3849; x_wconf 83' lang='lat' dir='ltr'><strong>quid</strong></span> <span class='ocrx_word' id='word_1_285' title='bbox 550 3784 596 3833; x_wconf 89' lang='lat' dir='ltr'><strong>illa</strong></span> <span class='ocrx_word' id='word_1_286' title='bbox 616 3791 688 3834; x_wconf 87' lang='lat' dir='ltr'><strong>nocte</strong></span> <span class='ocrx_word' id='word_1_287' title='bbox 707 3783 779 3834; x_wconf 79' lang='lat' dir='ltr'><strong>Folia</strong></span> <span class='ocrx_word' id='word_1_288' title='bbox 799 3787 970 3838; x_wconf 80' lang='lat' dir='ltr'><strong>Ariminensis</strong></span> <span class='ocrx_word' id='word_1_289' title='bbox 990 3789 1016 3838; x_wconf 89' lang='lat' dir='ltr'><strong>iu</strong></span> <span class='ocrx_word' id='word_1_290' title='bbox 1058 3805 1108 3842; x_wconf 88' lang='lat' dir='ltr'><strong>aou</strong></span> <span class='ocrx_word' id='word_1_291' title='bbox 1121 3796 1171 3838; x_wconf 87' lang='lat' dir='ltr'><strong>est.</strong></span> 
     </span>
     <span class='ocr_line' id='line_1_36' title="bbox 451 3852 1603 3921; baseline 0.003 -20"><span class='ocrx_word' id='word_1_292' title='bbox 451 3853 535 3902; x_wconf 86' lang='lat' dir='ltr'><strong>-urhe</strong></span> <span class='ocrx_word' id='word_1_293' title='bbox 549 3853 721 3918; x_wconf 80' lang='lat' dir='ltr'><strong>temptauerit.</strong></span> <span class='ocrx_word' id='word_1_294' title='bbox 742 3852 813 3917; x_wconf 75' lang='lat' dir='ltr'><strong>Quod</strong></span> <span class='ocrx_word' id='word_1_295' title='bbox 834 3857 886 3905; x_wconf 88' lang='lat' dir='ltr'><strong>otio</strong></span> <span class='ocrx_word' id='word_1_296' title='bbox 903 3859 1016 3921; x_wconf 81' lang='lat' dir='ltr'><strong>gaudent</strong></span> <span class='ocrx_word' id='word_1_297' title='bbox 1111 3858 1154 3906; x_wconf 87' lang='grc'><strong>54.</strong></span> <span class='ocrx_word' id='word_1_298' title='bbox 1180 3859 1253 3906; x_wconf 80' lang='lat' dir='ltr'><strong>irum</strong></span> <span class='ocrx_word' id='word_1_299' title='bbox 1274 3861 1358 3920; x_wconf 77' lang='lat' dir='ltr'><strong>atqua</strong></span> <span class='ocrx_word' id='word_1_300' title='bbox 1377 3869 1490 3906; x_wconf 80' lang='lat' dir='ltr'><strong>numan:</strong></span> <span class='ocrx_word' id='word_1_301' title='bbox 1512 3857 1603 3917; x_wconf 82' lang='lat' dir='ltr'><strong>poteo-</strong></span> 
     </span>
     <span class='ocr_line' id='line_1_37' title="bbox 472 3919 1196 3989; baseline 0.01 -20"><span class='ocrx_word' id='word_1_302' title='bbox 472 3919 591 3987; x_wconf 86' lang='lat' dir='ltr'><strong>Neapolis</strong></span> <span class='ocrx_word' id='word_1_303' title='bbox 604 3927 630 3971; x_wconf 90' lang='lat' dir='ltr'><strong>et</strong></span> <span class='ocrx_word' id='word_1_304' title='bbox 642 3922 732 3988; x_wconf 89' lang='lat' dir='ltr'><strong>oppida</strong></span> <span class='ocrx_word' id='word_1_305' title='bbox 745 3924 833 3973; x_wconf 88' lang='lat' dir='ltr'><strong>uicina</strong></span> <span class='ocrx_word' id='word_1_306' title='bbox 847 3925 949 3989; x_wconf 84' lang='lat' dir='ltr'><strong>(Baiae,</strong></span> <span class='ocrx_word' id='word_1_307' title='bbox 964 3925 1016 3976; x_wconf 88' lang='lat' dir='ltr'><strong>Cu·</strong></span> <span class='ocrx_word' id='word_1_308' title='bbox 1058 3935 1109 3978; x_wconf 90' lang='lat' dir='ltr'><strong>tem</strong></span> <span class='ocrx_word' id='word_1_309' title='bbox 1123 3925 1196 3976; x_wconf 87' lang='lat' dir='ltr'><strong>iram.</strong></span> 
     </span>
     <span class='ocr_line' id='line_1_38' title="bbox 471 3988 1606 4058; baseline 0.001 -20"><span class='ocrx_word' id='word_1_310' title='bbox 471 4003 538 4051; x_wconf 90' lang='lat' dir='ltr'><strong>mae,</strong></span> <span class='ocrx_word' id='word_1_311' title='bbox 553 3988 635 4053; x_wconf 86' lang='lat' dir='ltr'><strong>eet),</strong></span> <span class='ocrx_word' id='word_1_312' title='bbox 652 3991 732 4040; x_wconf 88' lang='lat' dir='ltr'><strong>multa</strong></span> <span class='ocrx_word' id='word_1_313' title='bbox 752 4007 857 4043; x_wconf 89' lang='lat' dir='ltr'><strong>narrare</strong></span> <span class='ocrx_word' id='word_1_314' title='bbox 871 4000 897 4042; x_wconf 90' lang='lat' dir='ltr'><strong>et</strong></span> <span class='ocrx_word' id='word_1_315' title='bbox 909 3995 1015 4046; x_wconf 87' lang='lat' dir='ltr'><strong>eredere</strong></span> <span class='ocrx_word' id='word_1_316' title='bbox 1109 3995 1222 4045; x_wconf 85' lang='lat'><strong>55-56.</strong></span> <span class='ocrx_word' id='word_1_317' title='bbox 1240 3991 1437 4058; x_wconf 77' lang='lat' dir='ltr'><strong>formidolosis</strong></span> <span class='ocrx_word' id='word_1_318' title='bbox 1450 4017 1483 4028; x_wconf 88' lang='lat'><strong>·-</strong></span> <span class='ocrx_word' id='word_1_319' title='bbox 1495 3989 1606 4054; x_wconf 79' lang='lat' dir='ltr'><strong>laugui-</strong></span> 
     </span>
     <span class='ocr_line' id='line_1_39' title="bbox 472 4057 1603 4128; baseline 0.002 -23"><span class='ocrx_word' id='word_1_320' title='bbox 472 4058 565 4107; x_wconf 88' lang='lat' dir='ltr'><strong>soleut.</strong></span> <span class='ocrx_word' id='word_1_321' title='bbox 589 4057 673 4107; x_wconf 83' lang='lat' dir='ltr'><strong>&#39;l&#39;aeit</strong></span> <span class='ocrx_word' id='word_1_322' title='bbox 695 4061 759 4110; x_wconf 81' lang='lat' dir='ltr'><strong>hun.</strong></span> <span class='ocrx_word' id='word_1_323' title='bbox 778 4060 853 4111; x_wconf 90' lang='lat' dir='ltr'><strong>Xllll</strong></span> <span class='ocrx_word' id='word_1_324' title='bbox 873 4062 922 4112; x_wconf 80' lang='lat'><strong>58:</strong></span> <span class='ocrx_word' id='word_1_325' title='bbox 942 4078 1015 4112; x_wconf 79' lang='lat' dir='ltr'><strong>caua</strong></span> <span class='ocrx_word' id='word_1_326' title='bbox 1059 4063 1126 4114; x_wconf 85' lang='lat' dir='ltr'><strong>dae:</strong></span> <span class='ocrx_word' id='word_1_327' title='bbox 1152 4071 1192 4114; x_wconf 89' lang='lat' dir='ltr'><strong>est</strong></span> <span class='ocrx_word' id='word_1_328' title='bbox 1211 4062 1370 4128; x_wconf 85' lang='lat' dir='ltr'><strong>periphrasis</strong></span> <span class='ocrx_word' id='word_1_329' title='bbox 1390 4058 1529 4110; x_wconf 86' lang='lat' dir='ltr'><strong>concubiae</strong></span> <span class='ocrx_word' id='word_1_330' title='bbox 1547 4058 1603 4108; x_wconf 86' lang='lat' dir='ltr'><strong>siue</strong></span> 
     </span>
     <span class='ocr_line' id='line_1_40' title="bbox 474 4125 1605 4195; baseline 0.002 -22"><span class='ocrx_word' id='word_1_331' title='bbox 474 4126 540 4174; x_wconf 80' lang='lat' dir='ltr'><strong>llaec</strong></span> <span class='ocrx_word' id='word_1_332' title='bbox 557 4151 591 4162; x_wconf 90' lang='lat'><em>-</em></span> <span class='ocrx_word' id='word_1_333' title='bbox 608 4127 774 4178; x_wconf 83' lang='lat' dir='ltr'><strong>credentium</strong></span> <span class='ocrx_word' id='word_1_334' title='bbox 800 4133 858 4181; x_wconf 82' lang='lat' dir='ltr'><strong>otio</strong></span> <span class='ocrx_word' id='word_1_335' title='bbox 879 4133 1016 4195; x_wconf 76' lang='lat' dir='ltr'><strong>uugehuu-</strong></span> <span class='ocrx_word' id='word_1_336' title='bbox 1058 4131 1265 4182; x_wconf 85' lang='lat' dir='ltr'><strong>mediaenoctis.</strong></span> <span class='ocrx_word' id='word_1_337' title='bbox 1291 4129 1463 4182; x_wconf 82' lang='lat' dir='ltr'><strong>Formidiuem</strong></span> <span class='ocrx_word' id='word_1_338' title='bbox 1477 4125 1605 4177; x_wconf 86' lang='lat' dir='ltr'><strong>incutiunt</strong></span> 
     </span>
     <span class='ocr_line' id='line_1_41' title="bbox 474 4191 1605 4255; baseline 0.004 -12"><span class='ocrx_word' id='word_1_339' title='bbox 474 4198 536 4255; x_wconf 77' lang='lat' dir='ltr'><strong>tur5</strong></span> <span class='ocrx_word' id='word_1_340' title='bbox 549 4192 611 4242; x_wconf 87' lang='lat' dir='ltr'><strong>ibid.</strong></span> <span class='ocrx_word' id='word_1_341' title='bbox 624 4191 731 4245; x_wconf 76' lang='lat' dir='ltr'><strong>xilla:</strong></span> <span class='ocrx_word' id='word_1_342' title='bbox 747 4197 1016 4250; x_wconf 78' lang='lat' dir='ltr'><strong>adnotaluutsenio·</strong></span> <span class='ocrx_word' id='word_1_343' title='bbox 1059 4201 1141 4252; x_wconf 84' lang='lat' dir='ltr'><strong>siluae</strong></span> <span class='ocrx_word' id='word_1_344' title='bbox 1164 4200 1195 4250; x_wconf 91' lang='lat' dir='ltr'><strong>ob</strong></span> <span class='ocrx_word' id='word_1_345' title='bbox 1221 4199 1342 4252; x_wconf 85' lang='lat' dir='ltr'><strong>tenebras</strong></span> <span class='ocrx_word' id='word_1_346' title='bbox 1366 4206 1394 4252; x_wconf 87' lang='lat' dir='ltr'><strong>et</strong></span> <span class='ocrx_word' id='word_1_347' title='bbox 1418 4197 1497 4247; x_wconf 84' lang='lat' dir='ltr'><strong>ieras.</strong></span> <span class='ocrx_word' id='word_1_348' title='bbox 1526 4195 1605 4246; x_wconf 81' lang='lat' dir='ltr'><strong>Recto</strong></span> 
     </span>
     <span class='ocr_line' id='line_1_42' title="bbox 473 4263 1606 4347; baseline 0.002 -35"><span class='ocrx_word' id='word_1_349' title='bbox 473 4277 531 4323; x_wconf 80' lang='lat' dir='ltr'><strong>res,</strong></span> <span class='ocrx_word' id='word_1_350' title='bbox 555 4263 651 4326; x_wconf 81' lang='lat' dir='ltr'><strong>quihus</strong></span> <span class='ocrx_word' id='word_1_351' title='bbox 668 4267 789 4316; x_wconf 78' lang='lat' dir='ltr'><strong>otiosam</strong></span> <span class='ocrx_word' id='word_1_352' title='bbox 809 4273 851 4318; x_wconf 78' lang='lat' dir='ltr'><strong>ast</strong></span> <span class='ocrx_word' id='word_1_353' title='bbox 870 4272 964 4317; x_wconf 79' lang='lat' dir='ltr'><strong>aetem</strong></span> <span class='ocrx_word' id='word_1_354' title='bbox 990 4274 1016 4318; x_wconf 84' lang='lat' dir='ltr'><strong>at</strong></span> <span class='ocrx_word' id='word_1_355' title='bbox 1059 4270 1125 4320; x_wconf 86' lang='lat' dir='ltr'><strong>enim</strong></span> <span class='ocrx_word' id='word_1_356' title='bbox 1141 4269 1272 4320; x_wconf 86' lang='lat' dir='ltr'><strong>Bentleius</strong></span> <span class='ocrx_word' id='word_1_357' title='bbox 1285 4270 1349 4318; x_wconf 89' lang='lat' dir='ltr'><strong>hauc</strong></span> <span class='ocrx_word' id='word_1_358' title='bbox 1362 4267 1514 4347; x_wconf 88' lang='lat' dir='ltr'><strong>optimorum</strong></span> <span class='ocrx_word' id='word_1_359' title='bbox 1527 4264 1606 4314; x_wconf 88' lang='lat' dir='ltr'><strong>libro-</strong></span> 
     </span>
     <span class='ocr_line' id='line_1_43' title="bbox 470 4331 1605 4404; baseline 0.002 -24"><span class='ocrx_word' id='word_1_360' title='bbox 470 4331 629 4396; x_wconf 82' lang='lat' dir='ltr'><strong>praeaentiu</strong></span> <span class='ocrx_word' id='word_1_361' title='bbox 643 4334 811 4384; x_wconf 80' lang='lat' dir='ltr'><strong>contendere.</strong></span> <span class='ocrx_word' id='word_1_362' title='bbox 1051 4339 1113 4388; x_wconf 74' lang='lat' dir='ltr'><strong>&#39;rum</strong></span> <span class='ocrx_word' id='word_1_363' title='bbox 1138 4339 1291 4404; x_wconf 86' lang='lat' dir='ltr'><strong>scripturam</strong></span> <span class='ocrx_word' id='word_1_364' title='bbox 1315 4335 1473 4396; x_wconf 75' lang='lat' dir='ltr'><strong>uindicanti,</strong></span> <span class='ocrx_word' id='word_1_365' title='bbox 1495 4334 1605 4384; x_wconf 88' lang='lat' dir='ltr'><strong>alteram</strong></span> 
     </span>
     <span class='ocr_line' id='line_1_44' title="bbox 523 4399 1606 4470; baseline 0.004 -23"><span class='ocrx_word' id='word_1_366' title='bbox 523 4399 567 4450; x_wconf 88' lang='grc'><strong>45.</strong></span> <span class='ocrx_word' id='word_1_367' title='bbox 584 4415 651 4450; x_wconf 84' lang='lat' dir='ltr'><strong>acce</strong></span> <span class='ocrx_word' id='word_1_368' title='bbox 665 4399 808 4452; x_wconf 70' lang='lat' dir='ltr'><strong>Thessala:</strong></span> <span class='ocrx_word' id='word_1_369' title='bbox 823 4403 922 4452; x_wconf 88' lang='lat' dir='ltr'><strong>cantico</strong></span> <span class='ocrx_word' id='word_1_370' title='bbox 935 4401 1016 4456; x_wconf 83' lang='lat' dir='ltr'><strong>Thes·</strong></span> <span class='ocrx_word' id='word_1_371' title='bbox 1058 4407 1285 4470; x_wconf 78' lang='lat' dir='ltr'><strong>(formidolosae)</strong></span> <span class='ocrx_word' id='word_1_372' title='bbox 1298 4406 1399 4468; x_wconf 83' lang='lat' dir='ltr'><strong>reiecit,</strong></span> <span class='ocrx_word' id='word_1_373' title='bbox 1414 4402 1528 4454; x_wconf 83' lang='lat' dir='ltr'><strong>laudaris</strong></span> <span class='ocrx_word' id='word_1_374' title='bbox 1541 4400 1606 4452; x_wconf 92' lang='lat' dir='ltr'><strong>Ver-</strong></span> 
     </span>
     <span class='ocr_line' id='line_1_45' title="bbox 472 4467 1606 4539; baseline 0.002 -22"><span class='ocrx_word' id='word_1_375' title='bbox 472 4467 561 4518; x_wconf 86' lang='lat' dir='ltr'><strong>salico.</strong></span> <span class='ocrx_word' id='word_1_376' title='bbox 572 4467 690 4534; x_wconf 77' lang='lat' dir='ltr'><strong>Epodli</strong></span> <span class='ocrx_word' id='word_1_377' title='bbox 702 4471 727 4520; x_wconf 87' lang='grc'><strong>4.</strong></span> <span class='ocrx_word' id='word_1_378' title='bbox 737 4469 953 4536; x_wconf 68' lang='lat' dir='ltr'><strong>Vergilllclog.8</strong></span> <span class='ocrx_word' id='word_1_379' title='bbox 965 4474 1014 4524; x_wconf 89' lang='lat'><strong>69:</strong></span> <span class='ocrx_word' id='word_1_380' title='bbox 1058 4475 1115 4536; x_wconf 77' lang='lat' dir='ltr'><strong>gilii</strong></span> <span class='ocrx_word' id='word_1_381' title='bbox 1123 4473 1217 4539; x_wconf 74' lang='lat' dir='ltr'><strong>Georg.</strong></span> <span class='ocrx_word' id='word_1_382' title='bbox 1229 4474 1274 4524; x_wconf 97' lang='lat' dir='ltr'><strong>llll</strong></span> <span class='ocrx_word' id='word_1_383' title='bbox 1284 4476 1345 4538; x_wconf 82' lang='lat'>468,</span> <span class='ocrx_word' id='word_1_384' title='bbox 1354 4471 1439 4525; x_wconf 78' lang='lat' dir='ltr'><strong>Aemi</strong></span> <span class='ocrx_word' id='word_1_385' title='bbox 1453 4471 1511 4536; x_wconf 83' lang='grc'><strong>169,</strong></span> <span class='ocrx_word' id='word_1_386' title='bbox 1526 4469 1606 4522; x_wconf 86' lang='lat' dir='ltr'><strong>Statii</strong></span> 
     </span>
     <span class='ocr_line' id='line_1_46' title="bbox 472 4538 1606 4607; baseline 0.004 -23"><span class='ocrx_word' id='word_1_387' title='bbox 472 4541 597 4588; x_wconf 79' lang='lat' dir='ltr'><strong>earmina</strong></span> <span class='ocrx_word' id='word_1_388' title='bbox 610 4538 655 4588; x_wconf 82' lang='lat' dir='ltr'><strong>uel</strong></span> <span class='ocrx_word' id='word_1_389' title='bbox 667 4539 740 4590; x_wconf 83' lang='lat' dir='ltr'><strong>caelo</strong></span> <span class='ocrx_word' id='word_1_390' title='bbox 750 4546 868 4604; x_wconf 71' lang='lat' dir='ltr'><strong>poseant</strong></span> <span class='ocrx_word' id='word_1_391' title='bbox 885 4539 1014 4594; x_wconf 80' lang='lat' dir='ltr'><strong>deducere</strong></span> <span class='ocrx_word' id='word_1_392' title='bbox 1057 4541 1175 4596; x_wconf 76' lang='lat' dir='ltr'><strong>rnenv</strong></span> <span class='ocrx_word' id='word_1_393' title='bbox 1195 4545 1260 4607; x_wconf 78' lang='lat' dir='ltr'><strong>tir,</strong></span> <span class='ocrx_word' id='word_1_394' title='bbox 1283 4543 1380 4594; x_wconf 84' lang='lat' dir='ltr'><strong>Lucani</strong></span> <span class='ocrx_word' id='word_1_395' title='bbox 1400 4541 1433 4592; x_wconf 94' lang='lat' dir='ltr'><strong>lll</strong></span> <span class='ocrx_word' id='word_1_396' title='bbox 1453 4540 1514 4590; x_wconf 79' lang='lat'>411.</span> <span class='ocrx_word' id='word_1_397' title='bbox 1541 4538 1606 4588; x_wconf 88' lang='lat' dir='ltr'><strong>Cru-</strong></span> 
     </span>
     <span class='ocr_line' id='line_1_47' title="bbox 472 4602 1605 4676; baseline 0.006 -25"><span class='ocrx_word' id='word_1_398' title='bbox 472 4602 575 4656; x_wconf 83' lang='lat' dir='ltr'><strong>luaum.</strong></span> <span class='ocrx_word' id='word_1_399' title='bbox 592 4604 711 4656; x_wconf 87' lang='lat' dir='ltr'><strong>Tibullus</strong></span> <span class='ocrx_word' id='word_1_400' title='bbox 724 4604 762 4655; x_wconf 84' lang='lat'><strong>12</strong></span> <span class='ocrx_word' id='word_1_401' title='bbox 775 4607 825 4657; x_wconf 76' lang='lat'><strong>43:</strong></span> <span class='ocrx_word' id='word_1_402' title='bbox 839 4608 909 4659; x_wconf 81' lang='lat' dir='ltr'><strong>haue</strong></span> <span class='ocrx_word' id='word_1_403' title='bbox 921 4625 970 4676; x_wconf 76' lang='lat' dir='ltr'><strong>ago</strong></span> <span class='ocrx_word' id='word_1_404' title='bbox 984 4611 1015 4660; x_wconf 88' lang='lat' dir='ltr'><strong>de</strong></span> <span class='ocrx_word' id='word_1_405' title='bbox 1057 4613 1142 4676; x_wconf 82' lang='lat' dir='ltr'><strong>quium</strong></span> <span class='ocrx_word' id='word_1_406' title='bbox 1160 4613 1186 4662; x_wconf 90' lang='lat' dir='ltr'><strong>in</strong></span> <span class='ocrx_word' id='word_1_407' title='bbox 1200 4612 1343 4664; x_wconf 85' lang='lat' dir='ltr'><strong>Blandiuiis</strong></span> <span class='ocrx_word' id='word_1_408' title='bbox 1362 4609 1491 4662; x_wconf 87' lang='lat' dir='ltr'><strong>inuenisse</strong></span> <span class='ocrx_word' id='word_1_409' title='bbox 1497 4609 1605 4672; x_wconf 79' lang='lat' dir='ltr'><strong>sormi-</strong></span> 
     </span>
    </p>
   </div>
   <div class='ocr_carea' id='block_1_12' title="bbox 0 0 1955 5525">
    <p class='ocr_par' dir='ltr' id='par_1_14' title="bbox 0 0 1955 5525">
     <span class='ocr_line' id='line_1_48' title="bbox 0 0 1955 5525; baseline 0 0"><span class='ocrx_word' id='word_1_410' title='bbox 0 0 1955 5525; x_wconf 95' lang='lat' dir='ltr'><strong> </strong></span> 
     </span>
    </p>
   </div>
  </div>
 </body>
</html>
