3884 5525
606 637 654 691 xl.
679 637 724 689 DE
738 636 861 690 Holtllt'.
876 636 971 691 SAEC.
986 636 1059 689 Vllll
1073 635 1261 689 conlctssVS.
1404 657 1495 701 xxvu

360 811 449 895 pauci
464 809 610 873 tolerant.
634 808 694 871 Sed
708 808 786 871 alind
801 809 1020 871 incommodum
1034 808 1066 871 in
1088 809 1236 891 frequenti
1260 828 1317 871 nsn
1338 820 1368 896 et
1390 827 1494 873 enem-

360 920 479 1003 plorum
494 916 696 999 descriptione
719 936 780 978 non
802 916 926 978 uitatnm
949 925 1013 993 est,
1040 914 1105 1001 dico
1127 915 1310 998 farraginem
1332 916 1494 980 lectionum

360 1024 597 1107 discrepantium
627 1042 681 1105 per
710 1022 802 1085 multa
832 1022 952 1085 saecula
982 1032 1082 1083 natam
1113 1033 1142 1085 et
1164 1042 1327 1106 progressu
1351 1023 1494 1107 temporis

276 1210 283 1219 .
361 1141 493 1197 auctam.
525 1130 627 1193 Prima
654 1150 689 1191 ac
709 1128 916 1191 uetustissima
938 1128 1085 1191 uariantis
1112 1127 1278 1212 scripturae
1308 1130 1435 1212 uestigia
1462 1130 1494 1193 in

361 1236 480 1309 duobus
496 1236 672 1299 Sermonum
689 1235 774 1299 libris
790 1236 860 1298 binc
876 1246 942 1298 orta
958 1234 1096 1297 uidentur
1111 1254 1196 1312 esse,
1221 1237 1298 1317 quod
1319 1235 1424 1299 borum
1441 1256 1494 1299 uo·

361 1344 475 1407 lumina
489 1342 615 1427 primum
632 1342 733 1427 paucis
756 1342 882 1419 tradita,
905 1363 978 1403 mox
999 1341 1036 1403 ab
1059 1352 1182 1403 anctore
1204 1341 1251 1403 bic
1274 1353 1305 1405 et
1324 1342 1384 1407 illic
1404 1342 1495 1426 polita

362 1450 464 1552 palanp
492 1450 602 1511 emissa
628 1458 709 1511 sunt.
741 1449 813 1511 lnde
835 1448 983 1533 proximis
1005 1447 1187 1530 temporibus
1210 1448 1287 1513 alios
1312 1448 1430 1511 codices
1452 1467 1494 1511 cx

362 1567 469 1619 uetere
492 1555 643 1633 editione,
671 1554 746 1617 alios
768 1576 809 1617 ex
832 1576 910 1618 noua
932 1554 1097 1636 descriptos
1118 1553 1148 1615 iu
1179 1554 1331 1615 bominum
1358 1554 1493 1619 manibus

362 1664 477 1740 fuisse,
501 1662 558 1725 hoc
578 1662 698 1725 uidetur
721 1661 840 1745 probari
862 1660 1048 1743 argumentis
1070 1660 1243 1743 quibusdam
1266 1659 1303 1722 ad
1324 1659 1420 1721 Serm.
1439 1660 1451 1723 l
1473 1662 1493 1721 6

365 1773 447 1848 126,
471 1770 496 1833 ll
515 1772 533 1832 3
551 1771 613 1832 303
629 1770 799 1851 protractis.
824 1767 969 1847 Quodne
992 1767 1125 1850 cupidius
1148 1765 1294 1831 etiamad
1317 1777 1417 1829 cetera
1433 1766 1494 1828 llo-
1587 1784 1605 1807 ³

361 1878 434 1943 catii
449 1876 560 1959 scripta
576 1875 833 1951 accommodetur,
856 1874 888 1937 in
910 1874 957 1936 bis
978 1873 1056 1935 idem
1082 1895 1138 1939 usn
1160 1895 1221 1937 non
1236 1872 1358 1936 uenisse
1373 1892 1491 1935 moneo.

361 1984 442 2049 Nam
458 1982 576 2045 etiamsi
590 1981 774 2063 singulorum
790 1981 954 2043 carminum
971 1980 1099 2044 codicilli
1116 1982 1255 2057 luerunt,
1279 1979 1334 2043 bos
1350 1990 1417 2063 post
1431 1978 1495 2042 edi·

362 2102 413 2154 tos
429 2090 594 2154 carminum
608 2088 701 2151 libros
716 2108 805 2151 nemo
826 2088 937 2151 sectari
959 2088 1106 2165 uoluerit,
1132 2089 1180 2151 cui
1204 2088 1276 2151 noui
1298 2087 1428 2169 exempli
1451 2088 1495 2151 la·

363 2196 465 2261 ciendi
486 2197 578 2259 otium
602 2195 666 2257 luit.
693 2193 805 2257 Similis
826 2196 904 2259 ratio
928 2197 1017 2259 ctiam
1040 2196 1072 2259 in
1093 2195 1230 2279 epistulis
1254 2194 1400 2259 obtinuit:
1425 2214 1495 2255 nam

363 2326 425 2367 una
440 2303 533 2367 editio
547 2302 617 2365 libri
633 2300 720 2383 primi
735 2299 771 2362 ab
787 2312 930 2377 auctore,
955 2324 1015 2365 una
1033 2301 1101 2366 libri
1117 2302 1240 2365 secundi
1256 2302 1292 2365 ab
1309 2301 1373 2365 eius
1389 2299 1495 2363 amicis

363 2413 443 2474 facta
459 2421 517 2473 est.
541 2408 618 2472 llinc
638 2429 728 2470 causa
750 2418 873 2491 apparet
892 2430 948 2471 cur
969 2410 1000 2471 in
1023 2408 1204 2471 carminibus
1227 2408 1388 2490 epodisque
1411 2416 1440 2469 ot
1463 2406 1494 2469 in

364 2516 503 2601 epistulis
519 2515 587 2578 libri
603 2514 814 2597 manuscripti
829 2526 942 2577 tantum
964 2514 1117 2591 differant,
1141 2524 1284 2595 quantum
1306 2511 1495 2594 inprudentia

364 2635 397 2687 ot
411 2621 603 2706 neglegentia
618 2620 848 2683 describentium
863 2622 928 2685 lieri
943 2622 1033 2697 solet,
1046 2621 1078 2683 in
1091 2619 1279 2683 sermonibus
1291 2629 1389 2681 autem
1406 2619 1496 2681 etiam

365 2731 523 2815 grauiores
540 2727 757 2811 discrepantiae
773 2729 934 2794 nonnullae
949 2727 1149 2812 reperiantur.
1181 2724 1258 2788 Nam
1275 2724 1350 2807 qnod
1368 2722 1463 2786 Serm.
1483 2723 1495 2786 l

366 2841 386 2902 6
406 2841 465 2900 126
481 2835 617 2900 exomni
634 2821 765 2898 codicum
782 2857 907 2900 numero
928 2837 986 2899 duo
1009 2847 1122 2898 tantum
1145 2833 1273 2896 offerunt
1289 2831 1390 2914 fugio
1414 2851 1496 2892 com-

362 2966 440 3030 pum
456 2945 615 3028 ductamque
631 2946 803 3026 trigonam,
831 2944 897 3005 dum
920 2943 1014 3005 ceteri
1036 2942 1147 3006 babent
1160 2941 1261 3024 jugia
1282 2937 1403 3001 robt'oat‘
1423 2945 1497 2998 tem-

358 3071 446 3136 pora
466 3052 571 3134 signi,
601 3049 678 3112 hauc
699 3048 896 3112 differentiam
918 3071 977 3112 non
1000 3049 1192 3113 scribentium
1217 3064 1340 3120 errore,
1365 3041 1497 3106 sedulia

366 3158 416 3220 nia
431 3156 533 3218 natam
554 3175 623 3219 esse
643 3155 749 3237 liquet.
774 3155 837 3218 Hoc
858 3155 930 3218 mibi
952 3155 1071 3239 signum
1093 3155 1166 3232 luit,
1191 3175 1249 3236 quo
1271 3153 1303 3214 in
1318 3152 1495 3214 Sermonum

364 3263 451 3326 libris
467 3261 734 3325 codicesultimam
751 3262 865 3324 Horatii
883 3273 1050 3326 manumet
1070 3257 1225 3347 δευτέρας
1246 3252 1428 3347 φροντίδας
1448 3277 1497 3319 re·

366 3371 500 3433 forentes
515 3369 737 3431 amultitndine
752 3379 920 3432 ceterorum
934 3369 1091 3446 librorum,
1107 3369 1157 3450 qui
1170 3366 1249 3428 ducti
1262 3377 1332 3428 sunt
1344 3385 1384 3426 ex
1396 3364 1496 3446 priore

367 3476 546 3540 Sermonum
562 3476 705 3552 editione,
723 3495 928 3558 segregarem.
952 3474 1065 3538 Vcru'm
1082 3475 1131 3556 qui
1148 3475 1263 3538 codices
1284 3473 1313 3535 in
1338 3491 1397 3534 nna
1414 3479 1497 3552 parte

366 3583 549 3666 scriptorum
565 3582 681 3645 Horatii
698 3582 842 3644 maiorem
858 3603 960 3643 curam
977 3591 1133 3657 testantur,
1159 3581 1279 3643 eosdem
1299 3577 1387 3640 etiam
1403 3577 1434 3639 in
1449 3595 1498 3638 re-

365 3689 456 3771 liquis
470 3689 594 3751 maximi
611 3689 761 3752 faciendos
778 3708 846 3752 esse
862 3698 961 3772 patet,
985 3688 1041 3750 nisi
1065 3688 1143 3748 forte
1159 3685 1340 3748 contrarium
1358 3683 1447 3748 cortis
1464 3703 1498 3746 ac

365 3796 460 3859 firmis
476 3796 663 3878 argumentis
680 3795 878 3860 demonstrari
894 3793 1035 3876 potuerit.

454 3900 540 3980 Quod
557 3901 652 3964 adbuc
667 3901 779 3964 dictum
796 3912 843 3963 est
865 3902 901 3963 de
916 3901 972 3979 lide
995 3899 1130 3962 codicum
1153 3897 1261 3960 ceteris
1284 3897 1499 3980 praestantium

367 4008 557 4094 potissimum
575 4009 714 4070 conuenit
729 4008 760 4070 in
776 4008 882 4070 librum
899 4006 1010 4070 saeculi
1027 4007 1109 4082 noni,
1134 4026 1220 4087 quem
1237 4003 1352 4088 priores
1369 4002 1499 4066 editores

366 4117 615 4179 uetustissimum
638 4126 667 4176 et
688 4116 938 4200 antiquissimum
953 4113 1155 4176 Bluadt'm'um
1177 4110 1419 4195 appellauerunt,
1443 4129 1499 4192 ego

365 4232 506 4285 ueterem
535 4241 607 4304 prae
638 4222 732 4285 tribus
761 4222 828 4284 aliis
846 4219 1010 4283 Blandiniis
1034 4218 1199 4282 nominaui.
1239 4218 1378 4280 Codicem
1402 4216 1498 4292 illum,

348 4327 439 4406 olim
470 4328 503 4389 in
532 4327 712 4392 bibliotheca
736 4327 995 4390 Benedictinornm
1025 4327 1150 4388 lratrum
1181 4347 1206 4389 s.
1234 4323 1315 4388 Petri
1345 4324 1375 4386 in
1400 4333 1500 4384 monte

366 4433 527 4497 blandinio
544 4434 797 4519 (Blandenbcrg)
815 4432 949 4496 Gandaui
969 4432 1133 4516 repositum
1157 4443 1187 4494 et
1201 4431 1293 4494 Roma
1309 4431 1346 4494 ad
1362 4451 1388 4492 s.
1406 4429 1502 4489 Bene·

368 4541 440 4604 dicti
456 4542 595 4604 alumnos
611 4543 753 4619 missum,
771 4541 883 4623 primus
898 4539 1050 4622 protraxit
1064 4539 1181 4600 Pnrnvs
1197 4537 1353 4610 Naumvs,
1378 4551 1502 4594 accura-

370 4648 430 4711 tius
462 4648 600 4711 uersauit
630 4658 660 4710 et
689 4647 815 4712 contulit
836 4647 958 4710 laconvs
982 4645 1150 4722 Cnvnvrvs3
1175 4654 1236 4704 tum
1258 4661 1336 4703 anno
1362 4638 1443 4700 1566
1465 4637 1502 4700 ab
