3884 5525
391 732 395 741 Ι
453 675 526 716 xum
887 670 1151 724 rautnoonnrtt.

455 824 511 887 hac
527 823 576 886 uia
592 821 690 885 omnis
714 822 825 887 tructus
841 844 882 887 ex
896 825 1008 908 optimo
1030 834 1117 909 poeta
1139 823 1344 909 percipiendus
1367 825 1445 909 perit
1465 837 1495 891 ct
1510 848 1584 893 uera

318 950 322 954 ·
454 930 625 1006 commoda,
652 930 719 992 dum
736 929 835 992 abdita
851 942 882 994 et
897 945 921 1026 a,
931 930 1084 1014 proposito
1100 930 1198 995 aliena
1214 942 1437 1009 consectamur,
1463 933 1584 997 elabun-

351 1118 355 1123 ι
454 1046 514 1100 tur.
541 1036 730 1119 Quapropter
745 1035 800 1099 lroc
815 1058 877 1099 uno
893 1046 1053 1100 contentus
1071 1036 1110 1099 lui
1127 1046 1159 1099 ut
1173 1035 1393 1120 interpretarer
1409 1038 1581 1105 Horatium:

454 1165 513 1206 nou
529 1143 655 1207 aliorum
671 1142 869 1227 interpretum
886 1142 1024 1225 exemplo
1040 1141 1127 1205 simul
1142 1144 1178 1205 ad
1198 1144 1271 1207 alias
1288 1143 1471 1229 disciplinas,
1492 1146 1583 1209 ueluti

454 1251 491 1313 ad
506 1250 615 1313 artium
631 1260 661 1313 et
676 1248 1014 1312 litterarumlristoriam
1031 1250 1153 1332 euagari
1170 1260 1225 1313 aut
1238 1250 1417 1334 multiplices
1434 1249 1583 1333 quaestio·

454 1377 508 1419 nes
524 1357 657 1421 uirorum
674 1355 829 1418 doctorum
846 1354 945 1419 obiter
966 1354 1090 1419 laudare
1105 1356 1252 1432 sustinui,
1278 1356 1335 1419 uisi
1356 1357 1405 1419 ubi
1427 1356 1583 1420 credebam

455 1464 501 1527 his
517 1463 590 1547 ipsis
607 1461 724 1525 Horatii
741 1460 830 1525 uerba
847 1461 993 1526 illustrari
1009 1482 1109 1544 posse.
1143 1463 1353 1545 Discrepautes
1369 1471 1584 1525 commentato-

454 1591 519 1632 rum
540 1568 705 1632 seateutias
721 1588 809 1652 parce
824 1579 854 1631 et
869 1568 1072 1631 tautummodo
1084 1567 1115 1629 iu
1131 1568 1220 1631 rebus
1236 1568 1426 1650 grauioribus
1442 1578 1495 1633 aut
1510 1567 1583 1630 diffi-

454 1675 559 1739 cilibus
575 1674 817 1739 commemoraui.
848 1673 922 1751 Quid
946 1673 1070 1755 quisque
1091 1683 1314 1737 antecessorum
1337 1673 1368 1735 iu
1388 1672 1515 1753 singulis
1531 1682 1583 1735 aut

454 1781 624 1865 peccauerit
638 1791 690 1842 aut
704 1759 784 1842 bene
797 1779 1018 1855 obseruauerit‚
1031 1780 1135 1843 sedulo
1150 1779 1287 1863 persequi
1303 1800 1363 1842 nun
1379 1778 1436 1843 luit
1451 1778 1579 1841 animus.

453 1887 601 1971 Prospexi
624 1897 723 1948 tamen
740 1896 770 1948 ut
792 1886 875 1948 ueris
890 1887 1007 1949 meritis
1022 1884 1087 1948 laus
1103 1906 1156 1949 sua
1171 1904 1209 1947 ne
1225 1885 1359 1949 deesset:
1383 1905 1489 1949 uerum
1507 1884 1582 1947 Cru-

453 1994 523 2076 quio
539 1992 667 2074 ineptius
683 2011 731 2053 me
746 1991 893 2055 iacturum
909 1992 1002 2055 luisse
1019 1969 1243 2068 enistimarem‚
1268 1991 1295 2055 si
1311 1991 1398 2055 huius
1414 2010 1535 2053 errores
1552 2000 1582 2053 et

454 2118 556 2162 eorum
573 2104 694 2180 peccata
711 2095 761 2177 qui
778 2096 845 2159 huic
861 2098 974 2161 similes
990 2098 1133 2175 extitere,
1157 2098 1257 2163 multis
1273 2097 1374 2161 uerbis
1389 2098 1578 2161 refutassem.

452 2202 650 2287 luterpolatos
681 2200 764 2265 locos
793 2202 966 2267 rimantium
998 2214 1209 2287 temptamenta
1239 2204 1441 2287 explicatione
1468 2203 1581 2267 diluere
1658 2250 1665 2257 -

452 2331 540 2393 quam
555 2310 615 2372 late
629 2298 768 2391 persequi
789 2310 887 2392 aptius
904 2311 1000 2375 uisum
1016 2321 1080 2387 est,
1105 2311 1238 2394 exceptis
1254 2308 1398 2375 eiusmodi
1413 2308 1506 2385 locis,
1532 2307 1580 2373 ubi

452 2417 588 2503 grauium
609 2417 741 2479 uirorum
763 2417 927 2480 auctoritas
948 2428 979 2481 et
999 2429 1174 2501 argumenta
1197 2418 1332 2501 speciosa
1348 2415 1385 2479 ab
1406 2414 1452 2479 his
1469 2415 1581 2499 prolata

452 2525 531 2587 aliud
547 2522 722 2587 suadebant.
756 2521 818 2584 Hoc
839 2534 870 2585 et
890 2524 960 2587 alibi
985 2546 1041 2589 usu
1056 2526 1140 2587 uenit
1161 2535 1191 2587 et
1207 2522 1306 2587 Germ.
1326 2522 1364 2586 lll
1384 2522 1579 2597 tter-20,

452 2630 505 2694 llll
521 2634 541 2692 4
560 2629 712 2706 18-22,
738 2629 913 2694 815-19
938 2642 969 2695 et
991 2632 1031 2695 28
1054 2642 1084 2696 et
1107 2634 1167 2711 33,
1192 2630 1289 2707 Serm,
1307 2628 1333 2693 ll
1350 2632 1369 2691 2
1385 2626 1536 2711 29,.Epl.
1555 2626 1580 2689 ll

454 2744 473 2805 2
493 2740 565 2804 199.

975 3029 1059 3094 XVI.

492 3187 625 3254 NOTAE
643 3183 818 3248 conlevat
832 3185 873 3250 lN
888 3184 1172 3250 ΑΝΝΟΤΑΤΙΟΝΕ
1189 3182 1344 3247 cutmen
1358 3182 1534 3246 rostras.

450 3412 482 3452 u.
501 3385 690 3451 Blandinius
710 3387 757 3444 e‘st
771 3391 857 3444 uetus
873 3379 938 3444 siue
953 3379 1175 3444 uetustissimus
1191 3379 1375 3444 Blandiuius.

448 3498 494 3579 (a.
516 3491 717 3569 Blomlim'us)
747 3487 857 3550 iudicat
878 3486 1038 3568 lectionem
1059 3487 1127 3550 libri
1148 3509 1208 3552 non
1232 3486 1403 3552 testimonio
1427 3498 1576 3566 constare,

658 3594 711 3658 sed
726 3594 843 3656 ratione
859 3593 971 3676 colligi.

450 3701 487 3767 A
529 3713 575 3766 est
589 3710 676 3764 uetus
691 3699 853 3764 Berueusis
869 3721 900 3762 n.
918 3701 992 3764 363.

451 3809 479 3874 Β
533 3844 570 3855 -
596 3807 872 3872 Berueusisu.21.

451 3915 480 3979 G
528 3951 570 3961 -
592 3912 796 3996 sangallensis
812 3912 1059 3976 monasteriensis
1075 3931 1105 3972 n.
1121 3911 1194 3972 864.

448 4022 472 4085 S
529 4057 570 4068 -
593 4017 798 4101 Sangallensis
814 4016 978 4100 oppidanus
993 4039 1023 4078 u.
1043 4019 1092 4078 10.

449 4126 484 4190 H
529 4163 571 4172 -—
594 4122 800 4208 Hispaniensis
815 4122 880 4185 siue
896 4121 1071 4184 Heinianus.

445 4256 472 4319 g
527 4270 569 4280 -
592 4230 746 4293 Gothanus
762 4228 944 4292 alternet.

446 4340 479 4403 Ε
522 4335 740 4400 —Parisinus
770 4335 872 4413 7972,
901 4332 1012 4396 saeculi
1043 4330 1148 4395 decimi
1180 4333 1295 4412 codex,
1326 4332 1396 4396 olim
1420 4335 1575 4400 Mentelia-

614 4463 683 4520 nus,
705 4442 737 4504 iu
753 4462 837 4504 usum
853 4461 951 4503 meum
966 4440 997 4503 iu
1013 4439 1087 4502 Arte
1102 4439 1219 4523 poetica
1234 4459 1329 4524 nuper
1344 4440 1468 4505 Parisiis
1483 4440 1575 4504 colla-

611 4559 660 4612 tns
681 4569 699 4610 a
718 4546 835 4612 Coreto
857 4567 917 4610 oon
932 4545 1103 4622 Neardea,
1128 4546 1334 4632 philosophiae
1357 4547 1480 4612 doctore
1496 4547 1573 4608 Bou·

612 4673 710 4716 ucnsr.

1745 1708 1751 1763 l

1746 1792 1751 1824 t
