3884 5525
940 612 1077 664 nonanti

655 784 843 858 quicumque
857 783 973 844 mundo
989 784 1142 845 terminus
1157 783 1291 860 obstitit,
1365 789 1368 795 '

654 894 738 955 hunc
753 897 864 969 tangat
878 894 987 970 armis,
1005 895 1110 955 uisere
1124 895 1266 970 gestiens

565 1044 567 1049 ,
655 1018 715 1079 qua
731 1009 819 1079 parte
835 1004 1065 1067 debacchentur
1079 1006 1182 1082 ignes,

654 1129 716 1189 qua
732 1115 863 1175 nebulae
878 1115 1040 1191 pluuiique
1055 1131 1156 1177 rores.

655 1267 709 1328 sed
724 1267 880 1359 bellicosis
896 1268 961 1328 lata
978 1264 1155 1348 Quiritibus

654 1378 712 1438 hac
727 1378 797 1453 lege
813 1358 892 1454 dibo,
914 1394 953 1439 ne
969 1380 1099 1441 nimium
1115 1382 1157 1456 pii

576 1481 578 1485 ’
654 1490 809 1563 rebusque
825 1488 955 1550 fidentes
971 1490 1077 1551 auitae
1150 1546 1157 1557 ,
1239 1469 1241 1473 ’

654 1604 736 1661 tecta
753 1600 852 1661 uelint
866 1614 1015 1675 reparare
1028 1598 1153 1662 Troiae.

651 1752 769 1815 Troiae
785 1768 954 1815 renascens
970 1754 1045 1815 alite
1060 1754 1186 1830 lugubri

654 1863 781 1925 fortuna
795 1864 880 1925 tristi
896 1864 983 1925 clade
997 1866 1175 1942 iterabitur,

515 2086 557 2135 53.
577 2085 662 2135 mnndi
673 2091 811 2151 perpauci.
918 2086 960 2136 54.
980 2093 1070 2152 tanget
1078 2089 1185 2153 BHgor:
1203 2089 1287 2154 tangit
1298 2089 1329 2152 G,
1349 2097 1438 2154 tangat
1447 2071 1541 2156 pauci.

447 2156 490 2205 55.
509 2154 683 2205 debachentur
693 2156 824 2222 BGng':
843 2155 1018 2205 debachantur
1033 2156 1195 2208 Turicoasir.

446 2393 604 2443 reseruatum
617 2392 666 2448 est,
685 2386 740 2435 siue
753 2392 792 2435 est
805 2386 831 2435 in
844 2386 989 2437 uisceribus
1032 2396 1100 2451 tam3
1114 2387 1148 2438 ci.
1163 2387 1172 2437 l
1188 2389 1219 2437 15
1233 2390 1264 2437 5:
1285 2394 1318 2439 ut
1330 2392 1512 2455 cauerctsera
1521 2389 1574 2440 Ne·

446 2461 532 2504 terrac
552 2454 725 2504 absconditum
744 2462 770 2505 et
787 2455 844 2504 usui
862 2456 989 2505 hominum
1032 2459 1178 2522 reursata.
1235 2459 1572 2523 utcoescinatcudefiniu.

446 2524 534 2572 diuina
556 2524 687 2577 uoluntate
709 2524 867 2573 subtractum
888 2524 943 2575 siue
963 2525 988 2574 in
1084 2543 1127 2592 53,
1147 2546 1260 2592 nimium
1269 2548 1329 2609 pii:
1348 2545 1449 2594 nimium
1462 2545 1573 2611 puers„
1675 2555 1683 2561 -

444 2592 546 2657 templis
560 2590 663 2641 deorum
676 2592 822 2657 repositum.
838 2592 989 2645 Successum
1031 2606 1206 2681 μητρόπολιν
1218 2626 1233 2661 a
1247 2627 1274 2661 se
1287 2614 1479 2663 restituendam·

445 2661 573 2739 promittit
591 2661 685 2711 iustum
703 2662 820 2725 piumque
840 2662 990 2743 bellumge-
1038 2752 1042 2759 Ι
1085 2706 1129 2755 59.
1148 2706 1227 2755 rebus
1247 2707 1424 2770 uefidems:
1444 2724 1459 2757 ⁰
1477 2707 1574 2758 ibunt

445 2730 576 2792 rentibus,
598 2746 646 2780 non
665 2730 991 2797 aedessacrasspohantn-
1091 2775 1096 2787 ,
1229 2724 1244 2773 q
1310 2764 1312 2770 ,
1460 2724 1475 2774 P

445 2797 502 2862 bns,
517 2815 565 2848 non
578 2800 678 2850 uiscera
692 2791 779 2850 tarrae
793 2800 882 2866 cupide
896 2801 989 2850 riman·
1033 2791 1111 2825 ΜΒ
1127 2774 1198 2826 sfflfi·
1560 2825 1564 2831 .

356 2885 364 2898 '
445 2868 525 2917 tibus·
1082 2861 1126 2910 61.
1141 2861 1209 2910 alite
1221 2861 1347 2927 lugubri:
1361 2863 1478 2912 tristibus
1488 2863 1574 2927 auspi-

1031 2928 1094 2991 ciis,
1114 2928 1165 2978 nti
1180 2929 1211 2978 15
1225 2931 1257 2979 5:
1275 2932 1348 2980 maia
1367 2935 1422 2982 aui.
1442 2931 1574 2982 Vrbsilla

1031 2997 1122 3046 infelix
1141 3013 1190 3046 non
1212 2999 1261 3048 nisi
1280 3000 1400 3064 auspiciis
1419 3001 1513 3066 iniquis
1533 3016 1574 3050 re-

1031 3067 1101 3115 nasci
1123 3067 1227 3130 poterit.
1243 3068 1396 3119 'Aberrauit
1418 3069 1573 3136 Porphyrion

1031 3134 1161 3184 scribens:
1176 3129 1228 3185 ‘bic
1241 3144 1326 3187 autem
1340 3153 1429 3188 sensus
1443 3139 1501 3187 inde
1513 3154 1574 3187 aon·

497 2961 539 3010 53.
555 2965 763 3026 quicumque-
776 2964 898 3012 obstitit:
913 2977 990 3010 mua-

446 3030 510 3079 dum
535 3030 655 3090 intellege
680 3037 775 3080 terram
806 3029 986 3092 habitabilem

445 3113 523 3162 nsque
533 3098 565 3146 ad
575 3097 697 3146 terminos
709 3099 767 3148 huic
778 3099 803 3147 in
813 3099 912 3147 torrida
922 3113 986 3146 zona

446 3173 472 3214 et
482 3165 574 3228 frigida
585 3165 698 3214 obiectos
708 3166 985 3230 peruenietilomanus.
1031 3210 1119 3268 ceptus
1137 3209 1194 3266 est,
1215 3207 1280 3269 quod
1294 3205 1399 3256 Flauius
1413 3207 1522 3256 Fimbria
1536 3207 1574 3255 le·

498 3267 540 3314 55.
585 3281 639 3329 qua
673 3271 755 3330 parte
791 3267 989 3317 debacchentur
1031 3278 1106 3334 gatus
1120 3270 1218 3322 Cinnae
1231 3273 1305 3324 ilium
1320 3277 1475 3341 temporibus
1488 3276 1574 3325 Sulla-

445 3337 538 3398 ignea:
564 3334 627 3382 baec
646 3333 781 3384 Arabicam
801 3335 987 3400 expeditionem
1031 3340 1071 3390 nis
1084 3343 1238 3406 oppugnauit
1257 3358 1288 3394 aa
1306 3345 1402 3408 diruit,
1423 3360 1494 3410 quarn
1513 3359 1573 3394 mox

444 3411 505 3452 tuuc
529 3409 644 3467 paratam
669 3409 695 3452 et
718 3410 802 3453 terras
830 3405 855 3454 in
881 3403 987 3456 Oriente
1031 3409 1123 3458 seditio
1142 3407 1389 3464 militum‘occidit‘.-
1404 3413 1525 3463 (laniati
1544 3430 1571 3463 u.

445 3471 601 3534 subigendas
614 3478 741 3537 spectant.
1031 3478 1144 3528 40-42.

498 3565 540 3616 bb.
560 3581 613 3630 qua
632 3565 898 3634 nebulaeptuua'a'quc
911 3565 987 3619 rores
1082 3564 1125 3614 62.
1145 3567 1221 3615 tristi
1233 3565 1308 3616 clade
1320 3569 1484 3620 iterabitur:
1503 3567 1572 3616 tristi

446 3635 483 3696 (h.
505 3651 528 3686 e.
550 3633 656 3684 nebulae
680 3649 801 3699 roresque
826 3636 851 3685 in
876 3637 988 3702 pluuium
1031 3633 1349 3684 cladeitetumconcidet.

446 3703 618 3768 diffluenieS)t
646 3704 709 3753 haec
729 3705 858 3770 perbibent
879 3706 911 3756 ad
931 3705 989 3756 Bii-
1083 3719 1125 3768 66,
1162 3725 1275 3768 auctore
1297 3720 1421 3769 Phoebo,-
1457 3725 1574 3770 auctore

445 3774 574 3822 ibunissim
610 3773 805 3845 expeditionem
825 3782 886 3824 ¹⁰⁰⁰
914 3790 989 3840 prae·
1030 3787 1183 3851 exquisitius
1194 3787 1286 3835 dictum
1300 3790 1574 3850 quamstructoreuel

446 3849 571 3907 pilatim·
1030 3857 1189 3905 conditore:
1204 3854 1316 3903 ostendit
1327 3854 1392 3902 enim
1406 3854 1479 3903 deum
1494 3853 1573 3906 iacile

498 3933 624 3984 57-68,
663 3932 765 3984 clarius
790 3936 919 4001 eloquitur
943 3937 988 3988 ina
1031 3929 1058 3972 ct
1077 3923 1131 3972 sine
1150 3922 1237 3971 labore
1257 3921 1426 3985 perficientem
1447 3924 1573 3988 quodua-

446 4001 478 4052 do
490 3999 583 4052 Troiae
601 4001 663 4052 urbe
683 4019 731 4052 non
750 4006 891 4068 reparanda
905 4013 931 4055 et
942 4006 989 4054 mi·
1030 3990 1088 4040 lust·
1108 3991 1145 4040 ⁰⁰
1159 4006 1186 4039 ‘⁰
1202 3989 1236 4039 ⁰f·
1251 3989 1323 4038 pind·
1340 3988 1440 4057 Olbffli·
1456 3991 1512 4042 Vm
1527 3993 1570 4044 3¹·

446 4085 492 4119 nas
506 4071 645 4134 admiscet,
665 4071 688 4120 si
707 4088 780 4122 secus
794 4088 824 4123 ac
838 4073 919 4123 suasit
931 4073 986 4125 fiat.
1083 4083 1204 4132 66-67.
1227 4085 1295 4132 meir
1307 4110 1341 4119 —
1353 4085 1485 4148 Argiuis.-
1504 4089 1571 4136 mais

447 4137 509 4188 Cum
523 4139 603 4188 ceteri
616 4139 642 4188 di
653 4139 743 4190 iunoni
757 4141 916 4191 consentiant
928 4141 988 4204 (hoc
1030 4150 1102 4199 ualet
1121 4153 1192 4199 caris
1210 4152 1288 4200 midi.
1310 4149 1399 4201 iunoni
1417 4169 1510 4204 rnorem
1528 4171 1572 4219 ge-

415 4249 423 4258 .
445 4208 513 4257 illest
531 4207 601 4256 iliis:
619 4214 735 4272 gratum
753 4211 858 4260 ubucula
879 4210 988 4261 consili·
1029 4225 1116 4268 rentes
1137 4218 1162 4266 iu
1183 4218 1264 4269 uicem
1286 4228 1463 4285 proteguntur.
1489 4224 1572 4287 Argi·

445 4277 555 4326 autibus
577 4275 677 4326 Iunone
702 4277 786 4340 didit)
811 4276 912 4326 Troiam
937 4293 987 4326 non
1029 4285 1195 4351 uoruocauit
1207 4279 1279 4338 nium
1292 4288 1396 4340 Homeri
1407 4299 1519 4352 secutus,
1529 4291 1570 4340 aui

446 4345 614 4409 reparandam
633 4361 705 4408 esse,
724 4346 773 4410 ipsi
786 4344 890 4394 Romani
912 4359 926 4392 ἃ
945 4360 987 4394 ⁰⁰·
1026 4349 1146 4420 Ἀργεῖοι
1158 4362 1184 4404 et
1193 4349 1304 4422 Ἀχαιοί
1317 4367 1378 4410 sunt
1390 4357 1484 4410 Graeci
1497 4359 1571 4409 ilium

445 4413 516 4462 lobia
529 4413 553 4464 in
567 4429 623 4463 eam
634 4413 761 4478 regionem
772 4412 918 4462 deducenda
929 4413 988 4462 abs·
1029 4430 1212 4488 oppugnantes,

446 4481 528 4532 tinere
550 4482 658 4544 debent,
678 4481 727 4530 nisi
746 4480 812 4530 forte
824 4481 897 4530 triste
910 4489 937 4531 et
949 4481 988 4530 in·

446 4549 508 4599 ielix
522 4552 648 4616 inceptum
662 4549 765 4613 aggredi
778 4548 874 4600 uolent.
1082 4510 1124 4559 δῖ’
1145 4513 1269 4561 8ωοὺωῖ
1285 4527 1372 4562 mum
1387 4529 1483 4564 meus
1495 4521 1521 4564 et
1534 4513 1573 4563 di'

1029 4577 1105 4628 uinus
1129 4595 1178 4629 non
1203 4580 1258 4630 sine
1282 4597 1373 4644 magno
1397 4583 1485 4632 labare
1514 4582 1572 4632 tolli

490 4644 600 4694 57-58.
608 4645 690 4708 faia:
702 4651 796 4694 sortem
805 4643 988 4708 ipsisdeotina-
1030 4653 1131 4712 potest:
1152 4649 1200 4698 hoe
1212 4649 1280 4700 inest
1291 4649 1318 4700 in
1331 4650 1409 4701 uerbo
1421 4654 1541 4702 eccisus.
