<?xml version="1.0" encoding="UTF-8"?>
<!DOCTYPE html PUBLIC "-//W3C//DTD XHTML 1.0 Transitional//EN"
    "http://www.w3.org/TR/xhtml1/DTD/xhtml1-transitional.dtd">
<html xmlns="http://www.w3.org/1999/xhtml" xml:lang="en" lang="en">
 <head>
  <title>
</title>
<meta http-equiv="Content-Type" content="text/html;charset=utf-8" />
  <meta name='ocr-system' content='tesseract 3.04.00' />
  <meta name='ocr-capabilities' content='ocr_page ocr_carea ocr_par ocr_line ocrx_word'/>
</head>
<body>
  <div class='ocr_page' id='page_1' title='image "./horatiicarminae00rittgoog/horatiicarminae00rittgoog_0530.png"; bbox 0 0 3884 5525; ppageno 0'>
   <div class='ocr_carea' id='block_1_1' title="bbox 984 608 1150 669">
    <p class='ocr_par' dir='ltr' id='par_1_1' title="bbox 984 608 1150 669">
     <span class='ocr_line' id='line_1_1' title="bbox 984 608 1150 669; baseline 0.006 -1"><span class='ocrx_word' id='word_1_1' title='bbox 984 616 1121 669; x_wconf 74' lang='lat' dir='ltr'>nouauit</span> <span class='ocrx_word' id='word_1_2' title='bbox 1149 608 1150 611; x_wconf 27' lang='lat'>¹</span> 
     </span>
    </p>
   </div>
   <div class='ocr_carea' id='block_1_2' title="bbox 618 786 1353 977">
    <p class='ocr_par' dir='ltr' id='par_1_2' title="bbox 618 786 1353 977">
     <span class='ocr_line' id='line_1_2' title="bbox 618 786 1353 864; baseline -0.005 -11"><span class='ocrx_word' id='word_1_3' title='bbox 618 791 684 853; x_wconf 88' lang='lat' dir='ltr'>illic</span> <span class='ocrx_word' id='word_1_4' title='bbox 699 790 840 852; x_wconf 79' lang='lat' dir='ltr'><strong>iniussae</strong></span> <span class='ocrx_word' id='word_1_5' title='bbox 855 788 988 850; x_wconf 90' lang='lat' dir='ltr'>ueniunt</span> <span class='ocrx_word' id='word_1_6' title='bbox 1002 786 1040 847; x_wconf 92' lang='lat' dir='ltr'>ad</span> <span class='ocrx_word' id='word_1_7' title='bbox 1056 787 1189 849; x_wconf 89' lang='lat' dir='ltr'>mulctra</span> <span class='ocrx_word' id='word_1_8' title='bbox 1206 786 1353 864; x_wconf 81' lang='lat' dir='ltr'>capellae,</span> 
     </span>
     <span class='ocr_line' id='line_1_3' title="bbox 667 899 1294 977; baseline -0.008 -13"><span class='ocrx_word' id='word_1_9' title='bbox 667 902 829 976; x_wconf 78' lang='lat' dir='ltr'>refertque</span> <span class='ocrx_word' id='word_1_10' title='bbox 844 904 932 961; x_wconf 90' lang='lat' dir='ltr'>tenta</span> <span class='ocrx_word' id='word_1_11' title='bbox 946 914 1027 975; x_wconf 83' lang='lat' dir='ltr'>grex</span> <span class='ocrx_word' id='word_1_12' title='bbox 1043 900 1162 960; x_wconf 90' lang='lat' dir='ltr'>amicus</span> <span class='ocrx_word' id='word_1_13' title='bbox 1178 899 1294 977; x_wconf 77' lang='lat' dir='ltr'>ubera3</span> 
     </span>
    </p>
   </div>
   <div class='ocr_carea' id='block_1_3' title="bbox 619 1052 1347 1242">
    <p class='ocr_par' dir='ltr' id='par_1_3' title="bbox 619 1052 1347 1242">
     <span class='ocr_line' id='line_1_4' title="bbox 619 1052 1347 1130; baseline -0.005 -13"><span class='ocrx_word' id='word_1_14' title='bbox 619 1072 677 1119; x_wconf 88' lang='lat' dir='ltr'>nea</span> <span class='ocrx_word' id='word_1_15' title='bbox 693 1055 894 1130; x_wconf 90' lang='lat' dir='ltr'>uespertinus</span> <span class='ocrx_word' id='word_1_16' title='bbox 910 1052 1126 1128; x_wconf 80' lang='lat' dir='ltr'>circumgemit</span> <span class='ocrx_word' id='word_1_17' title='bbox 1141 1066 1236 1113; x_wconf 88' lang='lat' dir='ltr'>ursus</span> <span class='ocrx_word' id='word_1_18' title='bbox 1253 1052 1347 1128; x_wconf 86' lang='lat' dir='ltr'>uuile,</span> 
     </span>
     <span class='ocr_line' id='line_1_5' title="bbox 628 1162 1320 1242; baseline -0.009 -14"><span class='ocrx_word' id='word_1_19' title='bbox 628 1169 632 1178; x_wconf 93' lang='lat'>&#39;</span> <span class='ocrx_word' id='word_1_20' title='bbox 669 1180 770 1242; x_wconf 92' lang='lat' dir='ltr'>neque</span> <span class='ocrx_word' id='word_1_21' title='bbox 785 1164 967 1227; x_wconf 79' lang='lat' dir='ltr'>intumescit</span> <span class='ocrx_word' id='word_1_22' title='bbox 984 1164 1047 1225; x_wconf 89' lang='lat' dir='ltr'>alta</span> <span class='ocrx_word' id='word_1_23' title='bbox 1063 1164 1180 1237; x_wconf 91' lang='lat' dir='ltr'>uiperis</span> <span class='ocrx_word' id='word_1_24' title='bbox 1195 1162 1320 1225; x_wconf 79' lang='lat' dir='ltr'>liumus.</span> 
     </span>
    </p>
   </div>
   <div class='ocr_carea' id='block_1_4' title="bbox 617 1315 1395 1507">
    <p class='ocr_par' dir='ltr' id='par_1_4' title="bbox 617 1315 1395 1507">
     <span class='ocr_line' id='line_1_6' title="bbox 617 1315 1395 1398; baseline -0.008 -16"><span class='ocrx_word' id='word_1_25' title='bbox 617 1322 769 1398; x_wconf 76' lang='lat' dir='ltr'>pluraque</span> <span class='ocrx_word' id='word_1_26' title='bbox 785 1318 893 1380; x_wconf 76' lang='lat' dir='ltr'>felices</span> <span class='ocrx_word' id='word_1_27' title='bbox 909 1317 1109 1395; x_wconf 68' lang='lat' dir='ltr'>mirabimur,</span> <span class='ocrx_word' id='word_1_28' title='bbox 1131 1320 1167 1377; x_wconf 92' lang='lat' dir='ltr'>ut</span> <span class='ocrx_word' id='word_1_29' title='bbox 1181 1330 1282 1391; x_wconf 89' lang='lat' dir='ltr'>neque</span> <span class='ocrx_word' id='word_1_30' title='bbox 1297 1315 1395 1392; x_wconf 90' lang='lat' dir='ltr'>largis</span> 
     </span>
     <span class='ocr_line' id='line_1_7' title="bbox 670 1427 1294 1507; baseline -0.01 -14"><span class='ocrx_word' id='word_1_31' title='bbox 670 1444 808 1507; x_wconf 90' lang='lat' dir='ltr'>aquosus</span> <span class='ocrx_word' id='word_1_32' title='bbox 824 1444 920 1492; x_wconf 90' lang='lat' dir='ltr'>eurus</span> <span class='ocrx_word' id='word_1_33' title='bbox 935 1444 1013 1491; x_wconf 91' lang='lat' dir='ltr'>arua</span> <span class='ocrx_word' id='word_1_34' title='bbox 1029 1428 1118 1489; x_wconf 88' lang='lat' dir='ltr'>radat</span> <span class='ocrx_word' id='word_1_35' title='bbox 1132 1427 1294 1501; x_wconf 80' lang='lat' dir='ltr'>imbribus,</span> 
     </span>
    </p>
   </div>
   <div class='ocr_carea' id='block_1_5' title="bbox 617 1580 1340 1771">
    <p class='ocr_par' dir='ltr' id='par_1_5' title="bbox 617 1580 1340 1771">
     <span class='ocr_line' id='line_1_8' title="bbox 617 1580 1340 1661; baseline -0.008 -16"><span class='ocrx_word' id='word_1_36' title='bbox 617 1585 747 1661; x_wconf 76' lang='lat' dir='ltr'>pinguia</span> <span class='ocrx_word' id='word_1_37' title='bbox 762 1598 820 1644; x_wconf 90' lang='lat' dir='ltr'>nec</span> <span class='ocrx_word' id='word_1_38' title='bbox 836 1584 928 1645; x_wconf 90' lang='lat' dir='ltr'>siccis</span> <span class='ocrx_word' id='word_1_39' title='bbox 944 1586 1079 1644; x_wconf 91' lang='lat' dir='ltr'>urantur</span> <span class='ocrx_word' id='word_1_40' title='bbox 1094 1580 1213 1641; x_wconf 89' lang='lat' dir='ltr'>semina</span> <span class='ocrx_word' id='word_1_41' title='bbox 1227 1580 1340 1656; x_wconf 87' lang='lat' dir='ltr'>glebis,</span> 
     </span>
     <span class='ocr_line' id='line_1_9' title="bbox 670 1690 1311 1771; baseline -0.011 -13"><span class='ocrx_word' id='word_1_42' title='bbox 670 1699 839 1771; x_wconf 89' lang='lat' dir='ltr'>utrumque</span> <span class='ocrx_word' id='word_1_43' title='bbox 853 1709 930 1771; x_wconf 90' lang='lat' dir='ltr'>rege</span> <span class='ocrx_word' id='word_1_44' title='bbox 944 1696 1138 1770; x_wconf 83' lang='lat' dir='ltr'>temperante</span> <span class='ocrx_word' id='word_1_45' title='bbox 1154 1690 1311 1753; x_wconf 89' lang='lat' dir='ltr'>caelitum.</span> 
     </span>
    </p>
   </div>
   <div class='ocr_carea' id='block_1_6' title="bbox 618 1844 1398 1937">
    <p class='ocr_par' dir='ltr' id='par_1_6' title="bbox 618 1844 1398 1937">
     <span class='ocr_line' id='line_1_10' title="bbox 618 1844 1398 1937; baseline -0.01 -26"><span class='ocrx_word' id='word_1_46' title='bbox 618 1864 680 1911; x_wconf 90' lang='lat' dir='ltr'>non</span> <span class='ocrx_word' id='word_1_47' title='bbox 695 1849 757 1911; x_wconf 89' lang='lat' dir='ltr'>buc</span> <span class='ocrx_word' id='word_1_48' title='bbox 772 1846 881 1925; x_wconf 82' lang='lat' dir='ltr'>Argoo</span> <span class='ocrx_word' id='word_1_49' title='bbox 899 1847 1058 1909; x_wconf 88' lang='lat' dir='ltr'>contendit</span> <span class='ocrx_word' id='word_1_50' title='bbox 1073 1845 1191 1937; x_wconf 86' lang='lat' dir='ltr'>remige</span> <span class='ocrx_word' id='word_1_51' title='bbox 1206 1844 1310 1919; x_wconf 92' lang='lat' dir='ltr'>pinus,</span> <span class='ocrx_word' id='word_1_52' title='bbox 1396 1878 1398 1882; x_wconf 85' lang='lat'><em>·</em></span> 
     </span>
    </p>
   </div>
   <div class='ocr_carea' id='block_1_7' title="bbox 559 2002 1005 2053">
    <p class='ocr_par' dir='ltr' id='par_1_7' title="bbox 559 2002 1005 2053">
     <span class='ocr_line' id='line_1_11' title="bbox 559 2002 1005 2053; baseline -0.004 0"><span class='ocrx_word' id='word_1_53' title='bbox 559 2004 602 2053; x_wconf 79' lang='lat' dir='ltr'>ta.</span> <span class='ocrx_word' id='word_1_54' title='bbox 617 2004 642 2053; x_wconf 92' lang='lat' dir='ltr'>in</span> <span class='ocrx_word' id='word_1_55' title='bbox 657 2004 740 2052; x_wconf 89' lang='lat' dir='ltr'>iussae</span> <span class='ocrx_word' id='word_1_56' title='bbox 749 2002 782 2052; x_wconf 86' lang='lat' dir='ltr'>B.</span> <span class='ocrx_word' id='word_1_57' title='bbox 865 2002 958 2050; x_wconf 90' lang='lat' dir='ltr'>multra</span> <span class='ocrx_word' id='word_1_58' title='bbox 973 2002 1005 2051; x_wconf 87' lang='lat' dir='ltr'>H.</span> 
     </span>
    </p>
   </div>
   <div class='ocr_carea' id='block_1_8' title="bbox 1124 1998 1530 2064">
    <p class='ocr_par' dir='ltr' id='par_1_8' title="bbox 1124 1998 1530 2064">
     <span class='ocr_line' id='line_1_12' title="bbox 1124 1998 1530 2064; baseline -0.007 -14"><span class='ocrx_word' id='word_1_59' title='bbox 1124 2002 1167 2050; x_wconf 84' lang='lat' dir='ltr'>tc.</span> <span class='ocrx_word' id='word_1_60' title='bbox 1188 2005 1259 2047; x_wconf 89' lang='lat' dir='ltr'>tanta</span> <span class='ocrx_word' id='word_1_61' title='bbox 1272 2013 1309 2064; x_wconf 83' lang='lat' dir='ltr'>pr</span> <span class='ocrx_word' id='word_1_62' title='bbox 1320 1998 1359 2061; x_wconf 91' lang='lat' dir='ltr'>B,</span> <span class='ocrx_word' id='word_1_63' title='bbox 1372 2004 1530 2047; x_wconf 81' lang='lat' dir='ltr'>curricula.</span> 
     </span>
    </p>
   </div>
   <div class='ocr_carea' id='block_1_9' title="bbox 492 2065 1618 2135">
    <p class='ocr_par' dir='ltr' id='par_1_9' title="bbox 492 2065 1618 2135">
     <span class='ocr_line' id='line_1_13' title="bbox 492 2065 1618 2135; baseline -0.008 -13"><span class='ocrx_word' id='word_1_64' title='bbox 492 2073 534 2123; x_wconf 80' lang='lat'>51.</span> <span class='ocrx_word' id='word_1_65' title='bbox 556 2070 740 2135; x_wconf 76' lang='lat' dir='ltr'>circgemit’sus</span> <span class='ocrx_word' id='word_1_66' title='bbox 754 2071 794 2133; x_wconf 81' lang='lat' dir='ltr'>(tt.</span> <span class='ocrx_word' id='word_1_67' title='bbox 805 2086 829 2119; x_wconf 88' lang='lat' dir='ltr'>e.</span> <span class='ocrx_word' id='word_1_68' title='bbox 844 2069 1018 2131; x_wconf 87' lang='lat' dir='ltr'>circumgemit</span> <span class='ocrx_word' id='word_1_69' title='bbox 1030 2084 1115 2134; x_wconf 89' lang='lat' dir='ltr'>ursus,</span> <span class='ocrx_word' id='word_1_70' title='bbox 1130 2076 1162 2120; x_wconf 83' lang='lat' dir='ltr'>at</span> <span class='ocrx_word' id='word_1_71' title='bbox 1175 2066 1270 2131; x_wconf 75' lang='lat' dir='ltr'>cetera)</span> <span class='ocrx_word' id='word_1_72' title='bbox 1284 2068 1318 2117; x_wconf 89' lang='lat' dir='ltr'>A.</span> <span class='ocrx_word' id='word_1_73' title='bbox 1390 2066 1457 2133; x_wconf 87' lang='lat' dir='ltr'>ouile</span> <span class='ocrx_word' id='word_1_74' title='bbox 1466 2065 1618 2130; x_wconf 81' lang='lat' dir='ltr'>ABHSgw:</span> 
     </span>
    </p>
   </div>
   <div class='ocr_carea' id='block_1_10' title="bbox 490 2132 1113 2273">
    <p class='ocr_par' dir='ltr' id='par_1_10' title="bbox 490 2132 1113 2273">
     <span class='ocr_line' id='line_1_14' title="bbox 491 2132 1113 2201; baseline -0.005 -11"><span class='ocrx_word' id='word_1_75' title='bbox 491 2141 552 2190; x_wconf 87' lang='lat' dir='ltr'>ouili</span> <span class='ocrx_word' id='word_1_76' title='bbox 567 2157 599 2201; x_wconf 88' lang='grc' dir='ltr'>ς,·</span> <span class='ocrx_word' id='word_1_77' title='bbox 615 2137 642 2188; x_wconf 82' lang='lat' dir='ltr'>‘d</span> <span class='ocrx_word' id='word_1_78' title='bbox 656 2139 761 2190; x_wconf 84' lang='lat' dir='ltr'>codices</span> <span class='ocrx_word' id='word_1_79' title='bbox 779 2140 877 2187; x_wconf 85' lang='lat' dir='ltr'>debent</span> <span class='ocrx_word' id='word_1_80' title='bbox 889 2132 958 2187; x_wconf 90' lang='lat' dir='ltr'>cuili’</span> <span class='ocrx_word' id='word_1_81' title='bbox 974 2136 1113 2198; x_wconf 82' lang='lat' dir='ltr'>Cnqurvs.</span> 
     </span>
     <span class='ocr_line' id='line_1_15' title="bbox 490 2206 1098 2273; baseline -0.003 -14"><span class='ocrx_word' id='word_1_82' title='bbox 490 2208 544 2259; x_wconf 88' lang='lat' dir='ltr'>Nec</span> <span class='ocrx_word' id='word_1_83' title='bbox 557 2208 644 2259; x_wconf 78' lang='lat' dir='ltr'>auso</span> <span class='ocrx_word' id='word_1_84' title='bbox 658 2209 749 2258; x_wconf 83' lang='lat' dir='ltr'>Acron</span> <span class='ocrx_word' id='word_1_85' title='bbox 763 2212 961 2257; x_wconf 80' lang='lat' dir='ltr'>commentator</span> <span class='ocrx_word' id='word_1_86' title='bbox 975 2206 1098 2273; x_wconf 80' lang='lat' dir='ltr'>Cruqaia&#39;.</span> 
     </span>
    </p>
   </div>
   <div class='ocr_carea' id='block_1_11' title="bbox 492 2274 981 2341">
    <p class='ocr_par' dir='ltr' id='par_1_11' title="bbox 492 2274 981 2341">
     <span class='ocr_line' id='line_1_16' title="bbox 492 2274 981 2341; baseline -0.006 -14"><span class='ocrx_word' id='word_1_87' title='bbox 492 2279 535 2327; x_wconf 85' lang='grc'>54.</span> <span class='ocrx_word' id='word_1_88' title='bbox 555 2278 624 2327; x_wconf 87' lang='lat' dir='ltr'>radit</span> <span class='ocrx_word' id='word_1_89' title='bbox 634 2277 668 2327; x_wconf 82' lang='lat' dir='ltr'>A.</span> <span class='ocrx_word' id='word_1_90' title='bbox 777 2277 819 2326; x_wconf 87' lang='grc'>55.</span> <span class='ocrx_word' id='word_1_91' title='bbox 839 2274 935 2341; x_wconf 78' lang='lat' dir='ltr'>Pingua</span> <span class='ocrx_word' id='word_1_92' title='bbox 948 2275 981 2325; x_wconf 88' lang='lat' dir='ltr'>B.</span> 
     </span>
    </p>
   </div>
   <div class='ocr_carea' id='block_1_12' title="bbox 486 2462 1034 4310">
    <p class='ocr_par' dir='ltr' id='par_1_12' title="bbox 490 2462 1033 2721">
     <span class='ocr_line' id='line_1_17' title="bbox 491 2462 1033 2530; baseline -0.004 -17"><span class='ocrx_word' id='word_1_93' title='bbox 491 2478 553 2530; x_wconf 86' lang='lat' dir='ltr'>pura</span> <span class='ocrx_word' id='word_1_94' title='bbox 567 2470 594 2513; x_wconf 93' lang='lat' dir='ltr'>et</span> <span class='ocrx_word' id='word_1_95' title='bbox 605 2462 705 2513; x_wconf 86' lang='lat' dir='ltr'>abunde</span> <span class='ocrx_word' id='word_1_96' title='bbox 718 2463 793 2513; x_wconf 85' lang='lat' dir='ltr'>adest</span> <span class='ocrx_word' id='word_1_97' title='bbox 804 2478 835 2513; x_wconf 88' lang='lat' dir='ltr'>ac</span> <span class='ocrx_word' id='word_1_98' title='bbox 847 2471 947 2527; x_wconf 86' lang='lat' dir='ltr'>gratum</span> <span class='ocrx_word' id='word_1_99' title='bbox 960 2476 1033 2528; x_wconf 88' lang='lat' dir='ltr'>prae-</span> 
     </span>
     <span class='ocr_line' id='line_1_18' title="bbox 491 2528 1033 2597; baseline -0.004 -14"><span class='ocrx_word' id='word_1_100' title='bbox 491 2536 533 2583; x_wconf 89' lang='lat' dir='ltr'>bet</span> <span class='ocrx_word' id='word_1_101' title='bbox 546 2540 685 2597; x_wconf 87' lang='lat' dir='ltr'>aspectum.</span> <span class='ocrx_word' id='word_1_102' title='bbox 701 2528 812 2582; x_wconf 86' lang='lat' dir='ltr'>‘Versus</span> <span class='ocrx_word' id='word_1_103' title='bbox 828 2533 945 2582; x_wconf 86' lang='lat' dir='ltr'>imitatur</span> <span class='ocrx_word' id='word_1_104' title='bbox 962 2532 1033 2581; x_wconf 89' lang='lat' dir='ltr'>uelo-</span> 
     </span>
     <span class='ocr_line' id='line_1_19' title="bbox 490 2594 1032 2666; baseline -0.006 -14"><span class='ocrx_word' id='word_1_105' title='bbox 490 2603 594 2652; x_wconf 83' lang='lat' dir='ltr'>citatem</span> <span class='ocrx_word' id='word_1_106' title='bbox 608 2608 634 2651; x_wconf 90' lang='lat' dir='ltr'>et</span> <span class='ocrx_word' id='word_1_107' title='bbox 647 2601 780 2666; x_wconf 84' lang='lat' dir='ltr'>strepitum</span> <span class='ocrx_word' id='word_1_108' title='bbox 792 2616 873 2666; x_wconf 87' lang='lat' dir='ltr'>aquae</span> <span class='ocrx_word' id='word_1_109' title='bbox 884 2594 1032 2651; x_wconf 89' lang='lat' dir='ltr'>currentis’.</span> 
     </span>
     <span class='ocr_line' id='line_1_20' title="bbox 491 2670 817 2721; baseline -0.006 0"><span class='ocrx_word' id='word_1_110' title='bbox 491 2671 662 2721; x_wconf 80' lang='lat' dir='ltr'>Ponrnrnron.</span> <span class='ocrx_word' id='word_1_111' title='bbox 684 2670 724 2720; x_wconf 82' lang='lat' dir='ltr'>et.</span> <span class='ocrx_word' id='word_1_112' title='bbox 739 2686 766 2720; x_wconf 90' lang='lat' dir='ltr'>u.</span> <span class='ocrx_word' id='word_1_113' title='bbox 777 2670 817 2719; x_wconf 82' lang='lat'>12.</span> 
     </span>
    </p>

    <p class='ocr_par' dir='ltr' id='par_1_13' title="bbox 490 2736 1034 3016">
     <span class='ocr_line' id='line_1_21' title="bbox 542 2736 1033 2805; baseline -0.002 -17"><span class='ocrx_word' id='word_1_114' title='bbox 542 2739 585 2790; x_wconf 85' lang='grc'>49.</span> <span class='ocrx_word' id='word_1_115' title='bbox 611 2742 724 2789; x_wconf 78' lang='lat' dir='ltr'>acciunt</span> <span class='ocrx_word' id='word_1_116' title='bbox 739 2767 774 2776; x_wconf 92' lang='lat'><em>-</em></span> <span class='ocrx_word' id='word_1_117' title='bbox 792 2739 926 2805; x_wconf 76' lang='lat' dir='ltr'>capellae:</span> <span class='ocrx_word' id='word_1_118' title='bbox 948 2736 1033 2804; x_wconf 88' lang='lat' dir='ltr'>capel-</span> 
     </span>
     <span class='ocr_line' id='line_1_22' title="bbox 491 2807 1034 2873; baseline -0.006 -15"><span class='ocrx_word' id='word_1_119' title='bbox 491 2809 530 2858; x_wconf 89' lang='lat' dir='ltr'>las</span> <span class='ocrx_word' id='word_1_120' title='bbox 544 2807 700 2871; x_wconf 86' lang='lat' dir='ltr'>nominauit,</span> <span class='ocrx_word' id='word_1_121' title='bbox 719 2808 785 2873; x_wconf 89' lang='lat' dir='ltr'>quod</span> <span class='ocrx_word' id='word_1_122' title='bbox 803 2808 885 2858; x_wconf 89' lang='lat' dir='ltr'>dulcis</span> <span class='ocrx_word' id='word_1_123' title='bbox 897 2814 924 2856; x_wconf 92' lang='lat' dir='ltr'>et</span> <span class='ocrx_word' id='word_1_124' title='bbox 937 2807 1034 2872; x_wconf 90' lang='lat' dir='ltr'>simpli-</span> 
     </span>
     <span class='ocr_line' id='line_1_23' title="bbox 490 2875 1034 2927; baseline -0.006 0"><span class='ocrx_word' id='word_1_125' title='bbox 490 2879 526 2927; x_wconf 91' lang='lat' dir='ltr'>cis</span> <span class='ocrx_word' id='word_1_126' title='bbox 539 2877 609 2927; x_wconf 88' lang='lat' dir='ltr'>uitae</span> <span class='ocrx_word' id='word_1_127' title='bbox 622 2877 680 2927; x_wconf 88' lang='lat' dir='ltr'>loca</span> <span class='ocrx_word' id='word_1_128' title='bbox 692 2884 826 2927; x_wconf 89' lang='lat' dir='ltr'>montuosa</span> <span class='ocrx_word' id='word_1_129' title='bbox 844 2877 917 2926; x_wconf 85' lang='lat' dir='ltr'>modo</span> <span class='ocrx_word' id='word_1_130' title='bbox 936 2875 1034 2926; x_wconf 90' lang='lat' dir='ltr'>descri-</span> 
     </span>
     <span class='ocr_line' id='line_1_24' title="bbox 491 2945 752 3016; baseline 0 -21"><span class='ocrx_word' id='word_1_131' title='bbox 491 2947 543 3013; x_wconf 88' lang='lat' dir='ltr'>psit</span> <span class='ocrx_word' id='word_1_132' title='bbox 555 2947 593 3010; x_wconf 78' lang='grc' dir='ltr'>(υ.</span> <span class='ocrx_word' id='word_1_133' title='bbox 603 2945 726 3009; x_wconf 81' lang='grc'>47-48).</span> <span class='ocrx_word' id='word_1_134' title='bbox 744 3008 752 3016; x_wconf 84' lang='lat'><strong>.</strong></span> 
     </span>
    </p>

    <p class='ocr_par' dir='ltr' id='par_1_14' title="bbox 490 3011 1033 3213">
     <span class='ocr_line' id='line_1_25' title="bbox 543 3011 1033 3080; baseline -0.004 -16"><span class='ocrx_word' id='word_1_135' title='bbox 543 3016 586 3064; x_wconf 84' lang='lat'>50.</span> <span class='ocrx_word' id='word_1_136' title='bbox 603 3030 675 3080; x_wconf 72' lang='lat' dir='ltr'>gree</span> <span class='ocrx_word' id='word_1_137' title='bbox 691 3011 811 3065; x_wconf 75' lang='lat' dir='ltr'>arnicas:</span> <span class='ocrx_word' id='word_1_138' title='bbox 829 3013 943 3064; x_wconf 85' lang='lat' dir='ltr'>iniussus</span> <span class='ocrx_word' id='word_1_139' title='bbox 961 3013 1033 3063; x_wconf 90' lang='lat' dir='ltr'>uenit</span> 
     </span>
     <span class='ocr_line' id='line_1_26' title="bbox 490 3082 1032 3148; baseline -0.006 -15"><span class='ocrx_word' id='word_1_140' title='bbox 490 3090 516 3133; x_wconf 85' lang='lat' dir='ltr'>et</span> <span class='ocrx_word' id='word_1_141' title='bbox 546 3083 629 3133; x_wconf 87' lang='lat' dir='ltr'>amico</span> <span class='ocrx_word' id='word_1_142' title='bbox 660 3098 722 3145; x_wconf 85' lang='lat' dir='ltr'>erga</span> <span class='ocrx_word' id='word_1_143' title='bbox 751 3084 924 3148; x_wconf 80' lang='lat' dir='ltr'>possidentem</span> <span class='ocrx_word' id='word_1_144' title='bbox 948 3082 1032 3131; x_wconf 91' lang='lat' dir='ltr'>animo</span> 
     </span>
     <span class='ocr_line' id='line_1_27' title="bbox 490 3151 868 3213; baseline -0.003 -12"><span class='ocrx_word' id='word_1_145' title='bbox 490 3152 570 3202; x_wconf 86' lang='lat' dir='ltr'>ubere</span> <span class='ocrx_word' id='word_1_146' title='bbox 582 3153 650 3200; x_wconf 87' lang='lat' dir='ltr'>lacte</span> <span class='ocrx_word' id='word_1_147' title='bbox 663 3151 766 3213; x_wconf 88' lang='lat' dir='ltr'>turgida</span> <span class='ocrx_word' id='word_1_148' title='bbox 778 3151 868 3200; x_wconf 81' lang='lat' dir='ltr'>refert.</span> 
     </span>
    </p>

    <p class='ocr_par' dir='ltr' id='par_1_15' title="bbox 489 3217 1034 3555">
     <span class='ocr_line' id='line_1_28' title="bbox 541 3217 1034 3268; baseline -0.004 0"><span class='ocrx_word' id='word_1_149' title='bbox 541 3220 572 3268; x_wconf 87' lang='grc'>51</span> <span class='ocrx_word' id='word_1_150' title='bbox 582 3220 665 3267; x_wconf 85' lang='grc'>-56,</span> <span class='ocrx_word' id='word_1_151' title='bbox 686 3219 784 3268; x_wconf 86' lang='lat' dir='ltr'>Desunt</span> <span class='ocrx_word' id='word_1_152' title='bbox 800 3220 835 3268; x_wconf 92' lang='lat' dir='ltr'>ibi</span> <span class='ocrx_word' id='word_1_153' title='bbox 854 3220 920 3268; x_wconf 87' lang='lat' dir='ltr'>mala</span> <span class='ocrx_word' id='word_1_154' title='bbox 933 3234 965 3268; x_wconf 88' lang='lat' dir='ltr'>ex</span> <span class='ocrx_word' id='word_1_155' title='bbox 979 3217 1034 3267; x_wconf 89' lang='lat' dir='ltr'>ani-</span> 
     </span>
     <span class='ocr_line' id='line_1_29' title="bbox 490 3287 1032 3336; baseline 0.002 -1"><span class='ocrx_word' id='word_1_156' title='bbox 490 3287 600 3335; x_wconf 88' lang='lat' dir='ltr'>malibus</span> <span class='ocrx_word' id='word_1_157' title='bbox 617 3293 662 3334; x_wconf 89' lang='lat' dir='ltr'>aut</span> <span class='ocrx_word' id='word_1_158' title='bbox 681 3301 764 3335; x_wconf 88' lang='lat' dir='ltr'>rerum</span> <span class='ocrx_word' id='word_1_159' title='bbox 785 3294 876 3336; x_wconf 87' lang='lat' dir='ltr'>natura</span> <span class='ocrx_word' id='word_1_160' title='bbox 890 3287 1032 3336; x_wconf 88' lang='lat' dir='ltr'>bominibus</span> 
     </span>
     <span class='ocr_line' id='line_1_30' title="bbox 489 3354 1033 3420; baseline 0.006 -18"><span class='ocrx_word' id='word_1_161' title='bbox 489 3354 550 3402; x_wconf 90' lang='lat' dir='ltr'>alibi</span> <span class='ocrx_word' id='word_1_162' title='bbox 569 3354 718 3415; x_wconf 85' lang='lat' dir='ltr'>nascentia,</span> <span class='ocrx_word' id='word_1_163' title='bbox 737 3354 834 3402; x_wconf 82' lang='lat' dir='ltr'>bestiae</span> <span class='ocrx_word' id='word_1_164' title='bbox 852 3370 972 3420; x_wconf 89' lang='lat' dir='ltr'>rapaces,</span> <span class='ocrx_word' id='word_1_165' title='bbox 993 3356 1033 3404; x_wconf 92' lang='lat' dir='ltr'>ui·</span> 
     </span>
     <span class='ocr_line' id='line_1_31' title="bbox 489 3421 1031 3489; baseline 0.007 -19"><span class='ocrx_word' id='word_1_166' title='bbox 489 3434 565 3487; x_wconf 88' lang='lat' dir='ltr'>perae</span> <span class='ocrx_word' id='word_1_167' title='bbox 577 3428 737 3486; x_wconf 78' lang='lat' dir='ltr'>uenenatas,</span> <span class='ocrx_word' id='word_1_168' title='bbox 757 3421 874 3473; x_wconf 88' lang='lat' dir='ltr'>imbrium</span> <span class='ocrx_word' id='word_1_169' title='bbox 894 3431 1031 3489; x_wconf 90' lang='lat' dir='ltr'>aestusque</span> 
     </span>
     <span class='ocr_line' id='line_1_32' title="bbox 490 3490 695 3555; baseline 0.005 -15"><span class='ocrx_word' id='word_1_170' title='bbox 490 3490 695 3555; x_wconf 87' lang='lat' dir='ltr'>intemperantia.</span> 
     </span>
    </p>

    <p class='ocr_par' dir='ltr' id='par_1_16' title="bbox 488 3559 1032 3954">
     <span class='ocr_line' id='line_1_33' title="bbox 540 3559 1032 3624; baseline 0.006 -16"><span class='ocrx_word' id='word_1_171' title='bbox 540 3559 583 3608; x_wconf 85' lang='grc'>51.</span> <span class='ocrx_word' id='word_1_172' title='bbox 595 3562 783 3624; x_wconf 74' lang='lat' dir='ltr'>coopertione.-</span> <span class='ocrx_word' id='word_1_173' title='bbox 793 3576 858 3610; x_wconf 86' lang='lat' dir='ltr'>noue</span> <span class='ocrx_word' id='word_1_174' title='bbox 869 3568 895 3610; x_wconf 92' lang='lat' dir='ltr'>et</span> <span class='ocrx_word' id='word_1_175' title='bbox 904 3562 935 3611; x_wconf 88' lang='lat' dir='ltr'>ad</span> <span class='ocrx_word' id='word_1_176' title='bbox 946 3577 1032 3611; x_wconf 82' lang='lat' dir='ltr'>exem·</span> 
     </span>
     <span class='ocr_line' id='line_1_34' title="bbox 488 3626 1030 3698; baseline 0.004 -20"><span class='ocrx_word' id='word_1_177' title='bbox 488 3629 556 3696; x_wconf 86' lang='lat' dir='ltr'>plum</span> <span class='ocrx_word' id='word_1_178' title='bbox 569 3626 661 3678; x_wconf 85' lang='lat' dir='ltr'>Graeci</span> <span class='ocrx_word' id='word_1_179' title='bbox 682 3630 806 3679; x_wconf 90' lang='lat' dir='ltr'>sermonis</span> <span class='ocrx_word' id='word_1_180' title='bbox 821 3628 973 3698; x_wconf 74' lang='grc' dir='ltr'>(ἑσπέριος)</span> <span class='ocrx_word' id='word_1_181' title='bbox 987 3647 1030 3696; x_wconf 90' lang='lat' dir='ltr'>pro</span> 
     </span>
     <span class='ocr_line' id='line_1_35' title="bbox 488 3697 1029 3764; baseline 0.004 -18"><span class='ocrx_word' id='word_1_182' title='bbox 488 3713 518 3747; x_wconf 92' lang='lat' dir='ltr'>co</span> <span class='ocrx_word' id='word_1_183' title='bbox 532 3698 597 3764; x_wconf 89' lang='lat' dir='ltr'>quod</span> <span class='ocrx_word' id='word_1_184' title='bbox 617 3705 657 3747; x_wconf 88' lang='lat' dir='ltr'>est</span> <span class='ocrx_word' id='word_1_185' title='bbox 675 3697 722 3747; x_wconf 91' lang='lat' dir='ltr'>sub</span> <span class='ocrx_word' id='word_1_186' title='bbox 739 3714 846 3764; x_wconf 88' lang='lat' dir='ltr'>uespera</span> <span class='ocrx_word' id='word_1_187' title='bbox 859 3707 885 3749; x_wconf 91' lang='lat' dir='ltr'>et</span> <span class='ocrx_word' id='word_1_188' title='bbox 898 3700 1029 3762; x_wconf 82' lang='lat' dir='ltr'>tenebris3</span> 
     </span>
     <span class='ocr_line' id='line_1_36' title="bbox 488 3765 1031 3832; baseline -0.002 -15"><span class='ocrx_word' id='word_1_189' title='bbox 488 3766 523 3817; x_wconf 84' lang='lat' dir='ltr'>ci.</span> <span class='ocrx_word' id='word_1_190' title='bbox 543 3767 574 3816; x_wconf 88' lang='lat' dir='ltr'>ad</span> <span class='ocrx_word' id='word_1_191' title='bbox 595 3766 676 3816; x_wconf 84' lang='lat' dir='ltr'>Serm.</span> <span class='ocrx_word' id='word_1_192' title='bbox 691 3765 742 3815; x_wconf 82' lang='grc'>114</span> <span class='ocrx_word' id='word_1_193' title='bbox 759 3768 799 3816; x_wconf 81' lang='grc'>17.</span> <span class='ocrx_word' id='word_1_194' title='bbox 873 3769 1031 3832; x_wconf 78' lang='lat' dir='ltr'>Circacmge-</span> 
     </span>
     <span class='ocr_line' id='line_1_37' title="bbox 488 3835 1031 3900; baseline -0.002 -15"><span class='ocrx_word' id='word_1_195' title='bbox 488 3839 539 3885; x_wconf 85' lang='lat' dir='ltr'>mit</span> <span class='ocrx_word' id='word_1_196' title='bbox 560 3835 681 3900; x_wconf 87' lang='lat' dir='ltr'>graphice</span> <span class='ocrx_word' id='word_1_197' title='bbox 706 3836 738 3884; x_wconf 89' lang='lat' dir='ltr'>de</span> <span class='ocrx_word' id='word_1_198' title='bbox 763 3836 889 3886; x_wconf 90' lang='lat' dir='ltr'>submisso</span> <span class='ocrx_word' id='word_1_199' title='bbox 914 3838 1031 3886; x_wconf 89' lang='lat' dir='ltr'>esurien-</span> 
     </span>
     <span class='ocr_line' id='line_1_38' title="bbox 489 3903 806 3954; baseline -0.003 0"><span class='ocrx_word' id='word_1_200' title='bbox 489 3905 551 3954; x_wconf 80' lang='lat' dir='ltr'>tium</span> <span class='ocrx_word' id='word_1_201' title='bbox 563 3919 680 3953; x_wconf 89' lang='lat' dir='ltr'>ursorum</span> <span class='ocrx_word' id='word_1_202' title='bbox 694 3903 806 3953; x_wconf 82' lang='lat' dir='ltr'>fremitu.</span> 
     </span>
    </p>

    <p class='ocr_par' dir='ltr' id='par_1_17' title="bbox 486 3972 1030 4310">
     <span class='ocr_line' id='line_1_39' title="bbox 538 3972 1030 4036; baseline 0 -15"><span class='ocrx_word' id='word_1_203' title='bbox 538 3973 581 4022; x_wconf 83' lang='lat'>52.</span> <span class='ocrx_word' id='word_1_204' title='bbox 597 3988 680 4036; x_wconf 84' lang='lat' dir='ltr'>neque</span> <span class='ocrx_word' id='word_1_205' title='bbox 692 3999 724 4008; x_wconf 92' lang='lat'><em>-</em></span> <span class='ocrx_word' id='word_1_206' title='bbox 738 3973 852 4021; x_wconf 79' lang='lat' dir='ltr'>beamus:</span> <span class='ocrx_word' id='word_1_207' title='bbox 867 3973 978 4022; x_wconf 78' lang='lat' dir='ltr'>damiam</span> <span class='ocrx_word' id='word_1_208' title='bbox 990 3972 1030 4021; x_wconf 96' lang='lat' dir='ltr'>in-</span> 
     </span>
     <span class='ocr_line' id='line_1_40' title="bbox 487 4039 1027 4104; baseline 0 -14"><span class='ocrx_word' id='word_1_209' title='bbox 487 4041 581 4103; x_wconf 86' lang='lat' dir='ltr'>tellege</span> <span class='ocrx_word' id='word_1_210' title='bbox 594 4039 675 4090; x_wconf 91' lang='lat' dir='ltr'>solum</span> <span class='ocrx_word' id='word_1_211' title='bbox 688 4047 823 4104; x_wconf 78' lang='lat' dir='ltr'>pratense3</span> <span class='ocrx_word' id='word_1_212' title='bbox 857 4041 953 4103; x_wconf 84' lang='lat' dir='ltr'>oldam,</span> <span class='ocrx_word' id='word_1_213' title='bbox 962 4056 1027 4104; x_wconf 88' lang='lat' dir='ltr'>quae</span> 
     </span>
     <span class='ocr_line' id='line_1_41' title="bbox 487 4109 1029 4172; baseline 0.002 -15"><span class='ocrx_word' id='word_1_214' title='bbox 487 4109 539 4158; x_wconf 84' lang='lat' dir='ltr'>alte</span> <span class='ocrx_word' id='word_1_215' title='bbox 560 4115 643 4157; x_wconf 87' lang='lat' dir='ltr'>strata</span> <span class='ocrx_word' id='word_1_216' title='bbox 664 4115 705 4157; x_wconf 89' lang='lat' dir='ltr'>est</span> <span class='ocrx_word' id='word_1_217' title='bbox 729 4109 831 4169; x_wconf 86' lang='lat' dir='ltr'>herbis,</span> <span class='ocrx_word' id='word_1_218' title='bbox 854 4109 945 4172; x_wconf 88' lang='lat' dir='ltr'>quibus</span> <span class='ocrx_word' id='word_1_219' title='bbox 966 4109 1029 4159; x_wconf 89' lang='lat' dir='ltr'>licet</span> 
     </span>
     <span class='ocr_line' id='line_1_42' title="bbox 486 4175 1027 4241; baseline 0 -15"><span class='ocrx_word' id='word_1_220' title='bbox 486 4177 590 4241; x_wconf 86' lang='lat' dir='ltr'>uiperae</span> <span class='ocrx_word' id='word_1_221' title='bbox 620 4175 696 4226; x_wconf 81' lang='lat' dir='ltr'>tacite</span> <span class='ocrx_word' id='word_1_222' title='bbox 726 4184 908 4240; x_wconf 87' lang='lat' dir='ltr'>contegantur,</span> <span class='ocrx_word' id='word_1_223' title='bbox 942 4185 1027 4226; x_wconf 91' lang='lat' dir='ltr'>tamen</span> 
     </span>
     <span class='ocr_line' id='line_1_43' title="bbox 486 4244 1028 4310; baseline 0 -16"><span class='ocrx_word' id='word_1_224' title='bbox 486 4245 572 4294; x_wconf 87' lang='lat' dir='ltr'>nullae</span> <span class='ocrx_word' id='word_1_225' title='bbox 585 4245 681 4294; x_wconf 86' lang='lat' dir='ltr'>insunt.</span> <span class='ocrx_word' id='word_1_226' title='bbox 701 4244 765 4294; x_wconf 87' lang='lat' dir='ltr'>Huic</span> <span class='ocrx_word' id='word_1_227' title='bbox 785 4246 871 4294; x_wconf 87' lang='lat' dir='ltr'>statim</span> <span class='ocrx_word' id='word_1_228' title='bbox 886 4245 1028 4310; x_wconf 89' lang='lat' dir='ltr'>adiungun-</span> 
     </span>
    </p>
   </div>
   <div class='ocr_carea' id='block_1_13' title="bbox 485 4311 1060 4376">
    <p class='ocr_par' dir='ltr' id='par_1_18' title="bbox 485 4311 1060 4376">
     <span class='ocr_line' id='line_1_44' title="bbox 485 4311 1060 4376; baseline 0.002 -14"><span class='ocrx_word' id='word_1_229' title='bbox 485 4321 527 4363; x_wconf 92' lang='lat' dir='ltr'>tur</span> <span class='ocrx_word' id='word_1_230' title='bbox 548 4327 617 4362; x_wconf 78' lang='lat' dir='ltr'>orua</span> <span class='ocrx_word' id='word_1_231' title='bbox 638 4313 824 4376; x_wconf 82' lang='lat' dir='ltr'>(Acicerlaad).</span> <span class='ocrx_word' id='word_1_232' title='bbox 856 4314 950 4364; x_wconf 84' lang='lat' dir='ltr'>liumus</span> <span class='ocrx_word' id='word_1_233' title='bbox 974 4311 1027 4363; x_wconf 91' lang='lat' dir='ltr'>illic</span> <span class='ocrx_word' id='word_1_234' title='bbox 1049 4311 1060 4326; x_wconf 75' lang='lat'><strong><em>⁹</em></strong></span> 
     </span>
    </p>
   </div>
   <div class='ocr_carea' id='block_1_14' title="bbox 484 4381 1027 4721">
    <p class='ocr_par' dir='ltr' id='par_1_19' title="bbox 484 4381 1027 4650">
     <span class='ocr_line' id='line_1_45' title="bbox 484 4381 1027 4446; baseline 0 -14"><span class='ocrx_word' id='word_1_235' title='bbox 484 4381 597 4446; x_wconf 87' lang='lat' dir='ltr'>gramine</span> <span class='ocrx_word' id='word_1_236' title='bbox 612 4381 763 4446; x_wconf 84' lang='lat' dir='ltr'>herbisque,</span> <span class='ocrx_word' id='word_1_237' title='bbox 784 4397 832 4430; x_wconf 90' lang='lat' dir='ltr'>non</span> <span class='ocrx_word' id='word_1_238' title='bbox 845 4383 942 4446; x_wconf 90' lang='lat' dir='ltr'>uiperis</span> <span class='ocrx_word' id='word_1_239' title='bbox 954 4385 1027 4432; x_wconf 84' lang='lat' dir='ltr'>intu-</span> 
     </span>
     <span class='ocr_line' id='line_1_46' title="bbox 484 4449 1025 4512; baseline 0 -12"><span class='ocrx_word' id='word_1_240' title='bbox 484 4455 587 4500; x_wconf 81' lang='lat' dir='ltr'>mescit.</span> <span class='ocrx_word' id='word_1_241' title='bbox 607 4449 714 4500; x_wconf 89' lang='lat' dir='ltr'>Scilicet</span> <span class='ocrx_word' id='word_1_242' title='bbox 730 4458 759 4499; x_wconf 93' lang='lat' dir='ltr'>ut</span> <span class='ocrx_word' id='word_1_243' title='bbox 773 4465 877 4512; x_wconf 85' lang='lat' dir='ltr'>gramen</span> <span class='ocrx_word' id='word_1_244' title='bbox 890 4457 916 4499; x_wconf 92' lang='lat' dir='ltr'>et</span> <span class='ocrx_word' id='word_1_245' title='bbox 930 4450 1025 4500; x_wconf 89' lang='lat' dir='ltr'>herbae</span> 
     </span>
     <span class='ocr_line' id='line_1_47' title="bbox 484 4517 1026 4584; baseline 0.006 -18"><span class='ocrx_word' id='word_1_246' title='bbox 484 4519 577 4582; x_wconf 85' lang='lat' dir='ltr'>utiles,</span> <span class='ocrx_word' id='word_1_247' title='bbox 596 4518 633 4567; x_wconf 94' lang='lat' dir='ltr'>sic</span> <span class='ocrx_word' id='word_1_248' title='bbox 645 4519 750 4584; x_wconf 88' lang='lat' dir='ltr'>uiperae</span> <span class='ocrx_word' id='word_1_249' title='bbox 763 4517 899 4582; x_wconf 91' lang='lat' dir='ltr'>perniciosi</span> <span class='ocrx_word' id='word_1_250' title='bbox 913 4525 1026 4569; x_wconf 89' lang='lat' dir='ltr'>tumores</span> 
     </span>
     <span class='ocr_line' id='line_1_48' title="bbox 484 4586 868 4650; baseline 0 -16"><span class='ocrx_word' id='word_1_251' title='bbox 484 4593 569 4635; x_wconf 88' lang='lat' dir='ltr'>terrac</span> <span class='ocrx_word' id='word_1_252' title='bbox 583 4586 700 4636; x_wconf 88' lang='lat' dir='ltr'>humidae</span> <span class='ocrx_word' id='word_1_253' title='bbox 714 4586 868 4650; x_wconf 84' lang='lat' dir='ltr'>cogitantur.</span> 
     </span>
    </p>

    <p class='ocr_par' dir='ltr' id='par_1_20' title="bbox 535 4653 1026 4721">
     <span class='ocr_line' id='line_1_49' title="bbox 535 4653 1026 4721; baseline 0.01 -21"><span class='ocrx_word' id='word_1_254' title='bbox 535 4654 659 4721; x_wconf 40' lang='grc'>53.-54.</span> <span class='ocrx_word' id='word_1_255' title='bbox 682 4659 715 4704; x_wconf 83' lang='lat' dir='ltr'>at</span> <span class='ocrx_word' id='word_1_256' title='bbox 732 4669 816 4718; x_wconf 80' lang='lat' dir='ltr'>oeque</span> <span class='ocrx_word' id='word_1_257' title='bbox 827 4681 863 4691; x_wconf 88' lang='lat'>—</span> <span class='ocrx_word' id='word_1_258' title='bbox 875 4653 961 4705; x_wconf 84' lang='lat' dir='ltr'>radat</span> <span class='ocrx_word' id='word_1_259' title='bbox 976 4659 1026 4705; x_wconf 86' lang='lat' dir='ltr'>im-</span> 
     </span>
    </p>
   </div>
   <div class='ocr_carea' id='block_1_15' title="bbox 1222 2133 1617 2269">
    <p class='ocr_par' dir='ltr' id='par_1_21' title="bbox 1222 2133 1617 2269">
     <span class='ocr_line' id='line_1_50' title="bbox 1237 2133 1617 2200; baseline 0 -17"><span class='ocrx_word' id='word_1_260' title='bbox 1237 2136 1280 2185; x_wconf 78' lang='lat'>52.</span> <span class='ocrx_word' id='word_1_261' title='bbox 1306 2151 1349 2186; x_wconf 87' lang='lat' dir='ltr'>om</span> <span class='ocrx_word' id='word_1_262' title='bbox 1361 2137 1394 2186; x_wconf 84' lang='lat' dir='ltr'>A.</span> <span class='ocrx_word' id='word_1_263' title='bbox 1482 2133 1617 2200; x_wconf 85' lang='lat' dir='ltr'>Nequeg:</span> 
     </span>
     <span class='ocr_line' id='line_1_51' title="bbox 1222 2204 1487 2269; baseline -0.008 -15"><span class='ocrx_word' id='word_1_264' title='bbox 1222 2204 1264 2255; x_wconf 88' lang='grc'>53.</span> <span class='ocrx_word' id='word_1_265' title='bbox 1285 2211 1313 2254; x_wconf 87' lang='lat' dir='ltr'>ut</span> <span class='ocrx_word' id='word_1_266' title='bbox 1328 2207 1343 2269; x_wconf 79' lang='lat' dir='ltr'>q</span> <span class='ocrx_word' id='word_1_267' title='bbox 1359 2219 1440 2269; x_wconf 86' lang='lat' dir='ltr'>neque</span> <span class='ocrx_word' id='word_1_268' title='bbox 1455 2205 1487 2253; x_wconf 82' lang='lat' dir='ltr'>A.</span> 
     </span>
    </p>
   </div>
   <div class='ocr_carea' id='block_1_16' title="bbox 1069 2460 1671 4722">
    <p class='ocr_par' dir='ltr' id='par_1_22' title="bbox 1075 2460 1617 2734">
     <span class='ocr_line' id='line_1_52' title="bbox 1077 2460 1615 2513; baseline -0.007 0"><span class='ocrx_word' id='word_1_269' title='bbox 1077 2464 1184 2513; x_wconf 75' lang='lat' dir='ltr'>tribas.-</span> <span class='ocrx_word' id='word_1_270' title='bbox 1210 2463 1241 2512; x_wconf 89' lang='lat' dir='ltr'>de</span> <span class='ocrx_word' id='word_1_271' title='bbox 1266 2468 1397 2513; x_wconf 87' lang='lat' dir='ltr'>structura</span> <span class='ocrx_word' id='word_1_272' title='bbox 1419 2460 1453 2511; x_wconf 81' lang='lat' dir='ltr'>cf.</span> <span class='ocrx_word' id='word_1_273' title='bbox 1476 2461 1507 2510; x_wconf 87' lang='lat' dir='ltr'>ad</span> <span class='ocrx_word' id='word_1_274' title='bbox 1532 2460 1615 2511; x_wconf 87' lang='lat' dir='ltr'>Carm.</span> 
     </span>
     <span class='ocr_line' id='line_1_53' title="bbox 1076 2529 1617 2596; baseline -0.007 -15"><span class='ocrx_word' id='word_1_275' title='bbox 1076 2532 1108 2582; x_wconf 93' lang='lat' dir='ltr'>lll</span> <span class='ocrx_word' id='word_1_276' title='bbox 1122 2533 1138 2581; x_wconf 93' lang='grc'>4</span> <span class='ocrx_word' id='word_1_277' title='bbox 1154 2532 1202 2596; x_wconf 81' lang='grc'>17;</span> <span class='ocrx_word' id='word_1_278' title='bbox 1222 2545 1286 2580; x_wconf 86' lang='lat' dir='ltr'>arua</span> <span class='ocrx_word' id='word_1_279' title='bbox 1301 2532 1392 2581; x_wconf 90' lang='lat' dir='ltr'>radere</span> <span class='ocrx_word' id='word_1_280' title='bbox 1412 2537 1453 2581; x_wconf 88' lang='lat' dir='ltr'>est</span> <span class='ocrx_word' id='word_1_281' title='bbox 1472 2529 1617 2595; x_wconf 89' lang='lat' dir='ltr'>inaequalia</span> 
     </span>
     <span class='ocr_line' id='line_1_54' title="bbox 1076 2598 1617 2650; baseline -0.004 -1"><span class='ocrx_word' id='word_1_282' title='bbox 1076 2600 1162 2650; x_wconf 83' lang='lat' dir='ltr'>fecere</span> <span class='ocrx_word' id='word_1_283' title='bbox 1175 2600 1253 2649; x_wconf 88' lang='lat' dir='ltr'>sulcis</span> <span class='ocrx_word' id='word_1_284' title='bbox 1265 2600 1317 2649; x_wconf 89' lang='lat' dir='ltr'>alte</span> <span class='ocrx_word' id='word_1_285' title='bbox 1331 2600 1356 2649; x_wconf 91' lang='lat' dir='ltr'>in</span> <span class='ocrx_word' id='word_1_286' title='bbox 1370 2600 1450 2648; x_wconf 90' lang='lat' dir='ltr'>solum</span> <span class='ocrx_word' id='word_1_287' title='bbox 1463 2598 1617 2649; x_wconf 88' lang='lat' dir='ltr'>descendeu-</span> 
     </span>
     <span class='ocr_line' id='line_1_55' title="bbox 1075 2667 1538 2734; baseline -0.002 -16"><span class='ocrx_word' id='word_1_288' title='bbox 1075 2670 1153 2730; x_wconf 78' lang='lat' dir='ltr'>tibus,</span> <span class='ocrx_word' id='word_1_289' title='bbox 1168 2670 1259 2734; x_wconf 88' lang='lat' dir='ltr'>quibus</span> <span class='ocrx_word' id='word_1_290' title='bbox 1272 2669 1363 2733; x_wconf 84' lang='lat' dir='ltr'>glebae</span> <span class='ocrx_word' id='word_1_291' title='bbox 1376 2667 1538 2719; x_wconf 86' lang='lat' dir='ltr'>auferuntur.</span> 
     </span>
    </p>

    <p class='ocr_par' dir='ltr' id='par_1_23' title="bbox 1073 2736 1671 3064">
     <span class='ocr_line' id='line_1_56' title="bbox 1128 2736 1615 2804; baseline -0.002 -17"><span class='ocrx_word' id='word_1_292' title='bbox 1128 2738 1170 2788; x_wconf 87' lang='grc'>55.</span> <span class='ocrx_word' id='word_1_293' title='bbox 1201 2740 1370 2804; x_wconf 83' lang='lat' dir='ltr'>pinguia-</span> <span class='ocrx_word' id='word_1_294' title='bbox 1391 2741 1493 2788; x_wconf 82' lang='lat' dir='ltr'>somiaa</span> <span class='ocrx_word' id='word_1_295' title='bbox 1513 2736 1615 2802; x_wconf 83' lang='lat' dir='ltr'>glebis:</span> 
     </span>
     <span class='ocr_line' id='line_1_57' title="bbox 1076 2807 1617 2872; baseline -0.007 -14"><span class='ocrx_word' id='word_1_296' title='bbox 1076 2807 1141 2858; x_wconf 90' lang='lat' dir='ltr'>scite</span> <span class='ocrx_word' id='word_1_297' title='bbox 1155 2808 1242 2857; x_wconf 89' lang='lat' dir='ltr'>iuncta</span> <span class='ocrx_word' id='word_1_298' title='bbox 1252 2811 1369 2872; x_wconf 74' lang='lat' dir='ltr'>plagata</span> <span class='ocrx_word' id='word_1_299' title='bbox 1382 2811 1485 2856; x_wconf 85' lang='lat' dir='ltr'>semina</span> <span class='ocrx_word' id='word_1_300' title='bbox 1496 2815 1522 2856; x_wconf 90' lang='lat' dir='ltr'>ct</span> <span class='ocrx_word' id='word_1_301' title='bbox 1531 2810 1617 2855; x_wconf 80' lang='lat' dir='ltr'>siccae</span> 
     </span>
     <span class='ocr_line' id='line_1_58' title="bbox 1073 2875 1618 2943; baseline -0.007 -17"><span class='ocrx_word' id='word_1_302' title='bbox 1073 2877 1183 2943; x_wconf 84' lang='lat' dir='ltr'>glebae:</span> <span class='ocrx_word' id='word_1_303' title='bbox 1203 2891 1259 2924; x_wconf 87' lang='lat' dir='ltr'>uam</span> <span class='ocrx_word' id='word_1_304' title='bbox 1282 2875 1379 2926; x_wconf 88' lang='lat' dir='ltr'>semina</span> <span class='ocrx_word' id='word_1_305' title='bbox 1398 2875 1479 2938; x_wconf 87' lang='lat' dir='ltr'>glebis</span> <span class='ocrx_word' id='word_1_306' title='bbox 1497 2882 1618 2938; x_wconf 85' lang='lat' dir='ltr'>teguntur</span> 
     </span>
     <span class='ocr_line' id='line_1_59' title="bbox 1075 2943 1617 3010; baseline -0.006 -15"><span class='ocrx_word' id='word_1_307' title='bbox 1075 2953 1102 2995; x_wconf 90' lang='lat' dir='ltr'>et</span> <span class='ocrx_word' id='word_1_308' title='bbox 1113 2945 1247 2995; x_wconf 89' lang='lat' dir='ltr'>urentibus</span> <span class='ocrx_word' id='word_1_309' title='bbox 1260 2944 1343 3008; x_wconf 84' lang='lat' dir='ltr'>glebis</span> <span class='ocrx_word' id='word_1_310' title='bbox 1355 2943 1531 3010; x_wconf 84' lang='lat' dir='ltr'>pinguedinem</span> <span class='ocrx_word' id='word_1_311' title='bbox 1545 2943 1617 2994; x_wconf 90' lang='lat' dir='ltr'>amit-</span> 
     </span>
     <span class='ocr_line' id='line_1_60' title="bbox 1075 3014 1671 3064; baseline 0 0"><span class='ocrx_word' id='word_1_312' title='bbox 1075 3021 1142 3064; x_wconf 86' lang='lat' dir='ltr'>tunt.</span> <span class='ocrx_word' id='word_1_313' title='bbox 1666 3014 1671 3024; x_wconf 92' lang='lat'>&#39;</span> 
     </span>
    </p>

    <p class='ocr_par' dir='ltr' id='par_1_24' title="bbox 1074 3081 1651 3560">
     <span class='ocr_line' id='line_1_61' title="bbox 1128 3081 1615 3144; baseline -0.004 -12"><span class='ocrx_word' id='word_1_314' title='bbox 1128 3083 1171 3132; x_wconf 89' lang='grc'>56.</span> <span class='ocrx_word' id='word_1_315' title='bbox 1196 3087 1343 3144; x_wconf 81' lang='lat' dir='ltr'>atramque</span> <span class='ocrx_word' id='word_1_316' title='bbox 1356 3109 1392 3116; x_wconf 99' lang='lat'><strong>—</strong></span> <span class='ocrx_word' id='word_1_317' title='bbox 1404 3081 1549 3131; x_wconf 81' lang='lat' dir='ltr'>caelitum:</span> <span class='ocrx_word' id='word_1_318' title='bbox 1570 3081 1615 3130; x_wconf 90' lang='lat' dir='ltr'>hac</span> 
     </span>
     <span class='ocr_line' id='line_1_62' title="bbox 1075 3149 1616 3214; baseline -0.004 -14"><span class='ocrx_word' id='word_1_319' title='bbox 1075 3158 1215 3200; x_wconf 80' lang='lat' dir='ltr'>extremum</span> <span class='ocrx_word' id='word_1_320' title='bbox 1229 3158 1269 3200; x_wconf 90' lang='lat' dir='ltr'>est</span> <span class='ocrx_word' id='word_1_321' title='bbox 1281 3149 1381 3212; x_wconf 88' lang='lat' dir='ltr'>honum,</span> <span class='ocrx_word' id='word_1_322' title='bbox 1395 3151 1460 3214; x_wconf 89' lang='lat' dir='ltr'>quod</span> <span class='ocrx_word' id='word_1_323' title='bbox 1474 3150 1566 3200; x_wconf 85' lang='lat' dir='ltr'>beatae</span> <span class='ocrx_word' id='word_1_324' title='bbox 1579 3150 1616 3198; x_wconf 91' lang='lat' dir='ltr'>in·</span> 
     </span>
     <span class='ocr_line' id='line_1_63' title="bbox 1075 3218 1614 3284; baseline 0 -16"><span class='ocrx_word' id='word_1_325' title='bbox 1075 3220 1147 3269; x_wconf 89' lang='lat' dir='ltr'>sulae</span> <span class='ocrx_word' id='word_1_326' title='bbox 1167 3233 1214 3270; x_wconf 86' lang='lat' dir='ltr'>uon</span> <span class='ocrx_word' id='word_1_327' title='bbox 1235 3219 1300 3268; x_wconf 83' lang='lat' dir='ltr'>sorte</span> <span class='ocrx_word' id='word_1_328' title='bbox 1323 3218 1447 3284; x_wconf 88' lang='lat' dir='ltr'>quadam,</span> <span class='ocrx_word' id='word_1_329' title='bbox 1472 3219 1516 3268; x_wconf 89' lang='lat' dir='ltr'>sed</span> <span class='ocrx_word' id='word_1_330' title='bbox 1536 3218 1614 3284; x_wconf 91' lang='lat' dir='ltr'>ipsius</span> 
     </span>
     <span class='ocr_line' id='line_1_64' title="bbox 1075 3285 1614 3352; baseline -0.004 -14"><span class='ocrx_word' id='word_1_331' title='bbox 1075 3288 1143 3338; x_wconf 89' lang='lat' dir='ltr'>louis</span> <span class='ocrx_word' id='word_1_332' title='bbox 1157 3287 1257 3338; x_wconf 89' lang='lat' dir='ltr'>numine</span> <span class='ocrx_word' id='word_1_333' title='bbox 1278 3288 1341 3336; x_wconf 89' lang='lat' dir='ltr'>banc</span> <span class='ocrx_word' id='word_1_334' title='bbox 1355 3285 1457 3336; x_wconf 82' lang='lat' dir='ltr'>felicem</span> <span class='ocrx_word' id='word_1_335' title='bbox 1470 3287 1614 3352; x_wconf 89' lang='lat' dir='ltr'>temperiem</span> 
     </span>
     <span class='ocr_line' id='line_1_65' title="bbox 1076 3355 1651 3422; baseline 0.003 -16"><span class='ocrx_word' id='word_1_336' title='bbox 1076 3364 1166 3407; x_wconf 88' lang='lat' dir='ltr'>nactae</span> <span class='ocrx_word' id='word_1_337' title='bbox 1187 3364 1255 3406; x_wconf 86' lang='lat' dir='ltr'>sunt.</span> <span class='ocrx_word' id='word_1_338' title='bbox 1283 3355 1370 3422; x_wconf 91' lang='lat' dir='ltr'>ltaque</span> <span class='ocrx_word' id='word_1_339' title='bbox 1389 3355 1453 3405; x_wconf 90' lang='lat' dir='ltr'>haec</span> <span class='ocrx_word' id='word_1_340' title='bbox 1471 3372 1571 3420; x_wconf 87' lang='lat' dir='ltr'>semper</span> <span class='ocrx_word' id='word_1_341' title='bbox 1590 3363 1615 3405; x_wconf 90' lang='lat' dir='ltr'>et</span> <span class='ocrx_word' id='word_1_342' title='bbox 1646 3401 1651 3408; x_wconf 94' lang='lat'>.</span> 
     </span>
     <span class='ocr_line' id='line_1_66' title="bbox 1074 3423 1614 3489; baseline 0 -15"><span class='ocrx_word' id='word_1_343' title='bbox 1074 3425 1145 3475; x_wconf 85' lang='lat' dir='ltr'>firma</span> <span class='ocrx_word' id='word_1_344' title='bbox 1165 3425 1286 3475; x_wconf 88' lang='lat' dir='ltr'>manebit.</span> <span class='ocrx_word' id='word_1_345' title='bbox 1314 3423 1375 3474; x_wconf 83' lang='lat' dir='ltr'>Rem</span> <span class='ocrx_word' id='word_1_346' title='bbox 1395 3425 1508 3489; x_wconf 90' lang='lat' dir='ltr'>praeiuit</span> <span class='ocrx_word' id='word_1_347' title='bbox 1525 3425 1614 3475; x_wconf 86' lang='lat' dir='ltr'>ilame-</span> 
     </span>
     <span class='ocr_line' id='line_1_67' title="bbox 1074 3491 1586 3560; baseline -0.006 -16"><span class='ocrx_word' id='word_1_348' title='bbox 1074 3494 1224 3560; x_wconf 81' lang='lat' dir='ltr'>rusOdyss.</span> <span class='ocrx_word' id='word_1_349' title='bbox 1240 3491 1258 3543; x_wconf 82' lang='lat' dir='ltr'>d</span> <span class='ocrx_word' id='word_1_350' title='bbox 1270 3493 1330 3543; x_wconf 81' lang='lat'>568.</span> <span class='ocrx_word' id='word_1_351' title='bbox 1401 3549 1406 3559; x_wconf 43' lang='grc' dir='ltr'>Ι</span> <span class='ocrx_word' id='word_1_352' title='bbox 1582 3501 1586 3508; x_wconf 92' lang='grc'><strong>“</strong></span> 
     </span>
    </p>

    <p class='ocr_par' dir='ltr' id='par_1_25' title="bbox 1073 3561 1613 3833">
     <span class='ocr_line' id='line_1_68' title="bbox 1127 3561 1613 3612; baseline 0 0"><span class='ocrx_word' id='word_1_353' title='bbox 1127 3564 1157 3612; x_wconf 79' lang='grc'>57</span> <span class='ocrx_word' id='word_1_354' title='bbox 1168 3563 1250 3612; x_wconf 80' lang='lat' dir='ltr'>-ad</span> <span class='ocrx_word' id='word_1_355' title='bbox 1277 3561 1376 3612; x_wconf 87' lang='lat' dir='ltr'>incolae</span> <span class='ocrx_word' id='word_1_356' title='bbox 1390 3561 1535 3612; x_wconf 87' lang='lat' dir='ltr'>insularum</span> <span class='ocrx_word' id='word_1_357' title='bbox 1555 3563 1613 3612; x_wconf 91' lang='lat' dir='ltr'>bea-</span> 
     </span>
     <span class='ocr_line' id='line_1_69' title="bbox 1073 3631 1612 3682; baseline -0.002 -1"><span class='ocrx_word' id='word_1_358' title='bbox 1073 3637 1156 3681; x_wconf 85' lang='lat' dir='ltr'>tarum</span> <span class='ocrx_word' id='word_1_359' title='bbox 1176 3631 1207 3681; x_wconf 91' lang='lat' dir='ltr'>ab</span> <span class='ocrx_word' id='word_1_360' title='bbox 1226 3631 1332 3680; x_wconf 90' lang='lat' dir='ltr'>aduenis</span> <span class='ocrx_word' id='word_1_361' title='bbox 1350 3631 1453 3680; x_wconf 87' lang='lat' dir='ltr'>hostilia</span> <span class='ocrx_word' id='word_1_362' title='bbox 1467 3639 1512 3682; x_wconf 85' lang='lat' dir='ltr'>aut</span> <span class='ocrx_word' id='word_1_363' title='bbox 1524 3631 1612 3680; x_wconf 86' lang='lat' dir='ltr'>illicita</span> 
     </span>
     <span class='ocr_line' id='line_1_70' title="bbox 1073 3700 1609 3766; baseline 0 -18"><span class='ocrx_word' id='word_1_364' title='bbox 1073 3700 1255 3765; x_wconf 89' lang='lat' dir='ltr'>temptantibus</span> <span class='ocrx_word' id='word_1_365' title='bbox 1286 3715 1420 3764; x_wconf 90' lang='lat' dir='ltr'>numquam</span> <span class='ocrx_word' id='word_1_366' title='bbox 1447 3701 1520 3766; x_wconf 88' lang='lat' dir='ltr'>petiti</span> <span class='ocrx_word' id='word_1_367' title='bbox 1545 3707 1609 3750; x_wconf 84' lang='lat' dir='ltr'>sunt.</span> 
     </span>
     <span class='ocr_line' id='line_1_71' title="bbox 1073 3767 1553 3833; baseline 0 -15"><span class='ocrx_word' id='word_1_368' title='bbox 1073 3767 1161 3833; x_wconf 87' lang='lat' dir='ltr'>ltaque</span> <span class='ocrx_word' id='word_1_369' title='bbox 1175 3768 1328 3832; x_wconf 89' lang='lat' dir='ltr'>incorruptis</span> <span class='ocrx_word' id='word_1_370' title='bbox 1341 3769 1454 3818; x_wconf 89' lang='lat' dir='ltr'>moribus</span> <span class='ocrx_word' id='word_1_371' title='bbox 1467 3775 1553 3832; x_wconf 89' lang='lat' dir='ltr'>agunt.</span> 
     </span>
    </p>

    <p class='ocr_par' dir='ltr' id='par_1_26' title="bbox 1070 3835 1612 4244">
     <span class='ocr_line' id='line_1_72' title="bbox 1125 3835 1610 3902; baseline 0 -17"><span class='ocrx_word' id='word_1_372' title='bbox 1125 3837 1167 3886; x_wconf 83' lang='lat'>57.</span> <span class='ocrx_word' id='word_1_373' title='bbox 1183 3853 1235 3886; x_wconf 85' lang='lat' dir='ltr'>aon</span> <span class='ocrx_word' id='word_1_374' title='bbox 1248 3837 1400 3902; x_wconf 83' lang='lat' dir='ltr'>ducArgoo</span> <span class='ocrx_word' id='word_1_375' title='bbox 1415 3863 1446 3874; x_wconf 89' lang='lat'>—</span> <span class='ocrx_word' id='word_1_376' title='bbox 1456 3841 1553 3902; x_wconf 70' lang='lat' dir='ltr'>prinus:</span> <span class='ocrx_word' id='word_1_377' title='bbox 1564 3835 1610 3886; x_wconf 79' lang='lat' dir='ltr'>Ar-</span> 
     </span>
     <span class='ocr_line' id='line_1_73' title="bbox 1072 3905 1611 3972; baseline 0.002 -19"><span class='ocrx_word' id='word_1_378' title='bbox 1072 3913 1198 3966; x_wconf 81' lang='lat' dir='ltr'>gonautae</span> <span class='ocrx_word' id='word_1_379' title='bbox 1212 3905 1259 3954; x_wconf 87' lang='lat' dir='ltr'>buc</span> <span class='ocrx_word' id='word_1_380' title='bbox 1272 3920 1320 3953; x_wconf 91' lang='lat' dir='ltr'>uon</span> <span class='ocrx_word' id='word_1_381' title='bbox 1338 3911 1473 3956; x_wconf 85' lang='lat' dir='ltr'>uenerunt.</span> <span class='ocrx_word' id='word_1_382' title='bbox 1494 3905 1549 3972; x_wconf 86' lang='lat' dir='ltr'>ipsa</span> <span class='ocrx_word' id='word_1_383' title='bbox 1561 3905 1611 3956; x_wconf 92' lang='lat' dir='ltr'>sci-</span> 
     </span>
     <span class='ocr_line' id='line_1_74' title="bbox 1072 3973 1611 4040; baseline 0.006 -19"><span class='ocrx_word' id='word_1_384' title='bbox 1072 3973 1132 4022; x_wconf 88' lang='lat' dir='ltr'>licet</span> <span class='ocrx_word' id='word_1_385' title='bbox 1151 3973 1281 4036; x_wconf 87' lang='lat' dir='ltr'>nauigatio</span> <span class='ocrx_word' id='word_1_386' title='bbox 1299 3973 1376 4023; x_wconf 53' lang='lat' dir='ltr'>iuxta*</span> <span class='ocrx_word' id='word_1_387' title='bbox 1392 3974 1518 4040; x_wconf 86' lang='lat' dir='ltr'>antiquam</span> <span class='ocrx_word' id='word_1_388' title='bbox 1530 3974 1611 4024; x_wconf 89' lang='lat' dir='ltr'>ideam</span> 
     </span>
     <span class='ocr_line' id='line_1_75' title="bbox 1071 4039 1611 4108; baseline 0 -16"><span class='ocrx_word' id='word_1_389' title='bbox 1071 4042 1222 4092; x_wconf 87' lang='lat' dir='ltr'>maleficium</span> <span class='ocrx_word' id='word_1_390' title='bbox 1242 4039 1284 4091; x_wconf 79' lang='lat' dir='ltr'>&#39;cst</span> <span class='ocrx_word' id='word_1_391' title='bbox 1306 4041 1405 4106; x_wconf 85' lang='lat' dir='ltr'>(Canu.</span> <span class='ocrx_word' id='word_1_392' title='bbox 1425 4043 1435 4092; x_wconf 94' lang='lat' dir='ltr'>l</span> <span class='ocrx_word' id='word_1_393' title='bbox 1455 4043 1492 4105; x_wconf 89' lang='lat'>3).</span> <span class='ocrx_word' id='word_1_394' title='bbox 1523 4043 1611 4108; x_wconf 89' lang='lat' dir='ltr'>ltaque</span> 
     </span>
     <span class='ocr_line' id='line_1_76' title="bbox 1071 4111 1612 4176; baseline 0 -16"><span class='ocrx_word' id='word_1_395' title='bbox 1071 4111 1249 4160; x_wconf 89' lang='lat' dir='ltr'>commaculati</span> <span class='ocrx_word' id='word_1_396' title='bbox 1269 4118 1328 4160; x_wconf 91' lang='lat' dir='ltr'>sunt</span> <span class='ocrx_word' id='word_1_397' title='bbox 1345 4127 1432 4162; x_wconf 90' lang='lat' dir='ltr'>omnes</span> <span class='ocrx_word' id='word_1_398' title='bbox 1450 4112 1480 4161; x_wconf 87' lang='lat' dir='ltr'>ad</span> <span class='ocrx_word' id='word_1_399' title='bbox 1493 4127 1554 4176; x_wconf 89' lang='lat' dir='ltr'>quos</span> <span class='ocrx_word' id='word_1_400' title='bbox 1568 4127 1612 4160; x_wconf 87' lang='lat' dir='ltr'>na-</span> 
     </span>
     <span class='ocr_line' id='line_1_77' title="bbox 1070 4179 1299 4244; baseline -0.009 -15"><span class='ocrx_word' id='word_1_401' title='bbox 1070 4180 1110 4230; x_wconf 89' lang='lat' dir='ltr'>uis</span> <span class='ocrx_word' id='word_1_402' title='bbox 1123 4179 1208 4244; x_wconf 86' lang='lat' dir='ltr'>Argoa</span> <span class='ocrx_word' id='word_1_403' title='bbox 1219 4179 1299 4228; x_wconf 88' lang='lat' dir='ltr'>uenit.</span> 
     </span>
    </p>

    <p class='ocr_par' dir='ltr' id='par_1_27' title="bbox 1069 4247 1612 4571">
     <span class='ocr_line' id='line_1_78' title="bbox 1122 4247 1610 4314; baseline 0.002 -17"><span class='ocrx_word' id='word_1_404' title='bbox 1122 4248 1165 4297; x_wconf 82' lang='lat'>58.</span> <span class='ocrx_word' id='word_1_405' title='bbox 1190 4248 1317 4312; x_wconf 80' lang='lat' dir='ltr'>inpudica</span> <span class='ocrx_word' id='word_1_406' title='bbox 1338 4247 1462 4298; x_wconf 77' lang='lat' dir='ltr'>Colatio:</span> <span class='ocrx_word' id='word_1_407' title='bbox 1482 4249 1610 4314; x_wconf 87' lang='lat' dir='ltr'>inpudica,</span> 
     </span>
     <span class='ocr_line' id='line_1_79' title="bbox 1070 4317 1612 4383; baseline 0.004 -19"><span class='ocrx_word' id='word_1_408' title='bbox 1070 4317 1134 4381; x_wconf 88' lang='lat' dir='ltr'>quod</span> <span class='ocrx_word' id='word_1_409' title='bbox 1154 4317 1236 4366; x_wconf 88' lang='lat' dir='ltr'>uirum</span> <span class='ocrx_word' id='word_1_410' title='bbox 1255 4323 1388 4366; x_wconf 83' lang='lat' dir='ltr'>externum</span> <span class='ocrx_word' id='word_1_411' title='bbox 1407 4325 1498 4367; x_wconf 83' lang='lat' dir='ltr'>secuta</span> <span class='ocrx_word' id='word_1_412' title='bbox 1516 4325 1556 4368; x_wconf 88' lang='lat' dir='ltr'>est</span> <span class='ocrx_word' id='word_1_413' title='bbox 1568 4333 1612 4383; x_wconf 91' lang='lat' dir='ltr'>pa-</span> 
     </span>
     <span class='ocr_line' id='line_1_80' title="bbox 1069 4383 1609 4450; baseline 0.002 -17"><span class='ocrx_word' id='word_1_414' title='bbox 1069 4391 1108 4433; x_wconf 86' lang='lat' dir='ltr'>tre</span> <span class='ocrx_word' id='word_1_415' title='bbox 1122 4385 1224 4434; x_wconf 87' lang='lat' dir='ltr'>relicto.</span> <span class='ocrx_word' id='word_1_416' title='bbox 1245 4383 1319 4434; x_wconf 86' lang='lat' dir='ltr'>Cani.</span> <span class='ocrx_word' id='word_1_417' title='bbox 1335 4385 1419 4434; x_wconf 88' lang='lat' dir='ltr'>Carm.</span> <span class='ocrx_word' id='word_1_418' title='bbox 1437 4385 1517 4435; x_wconf 81' lang='lat'>11127</span> <span class='ocrx_word' id='word_1_419' title='bbox 1531 4387 1609 4450; x_wconf 82' lang='lat' dir='ltr'>49sq.</span> 
     </span>
     <span class='ocr_line' id='line_1_81' title="bbox 1070 4450 1610 4518; baseline 0.004 -17"><span class='ocrx_word' id='word_1_420' title='bbox 1070 4450 1231 4518; x_wconf 75' lang='lat' dir='ltr'>Quocumque</span> <span class='ocrx_word' id='word_1_421' title='bbox 1244 4453 1317 4502; x_wconf 89' lang='lat' dir='ltr'>uenit</span> <span class='ocrx_word' id='word_1_422' title='bbox 1329 4452 1436 4518; x_wconf 87' lang='lat' dir='ltr'>Medea,</span> <span class='ocrx_word' id='word_1_423' title='bbox 1451 4471 1552 4505; x_wconf 89' lang='lat' dir='ltr'>uenena</span> <span class='ocrx_word' id='word_1_424' title='bbox 1564 4469 1610 4505; x_wconf 86' lang='lat' dir='ltr'>sua</span> 
     </span>
     <span class='ocr_line' id='line_1_82' title="bbox 1069 4521 1385 4571; baseline -0.003 0"><span class='ocrx_word' id='word_1_425' title='bbox 1069 4528 1095 4571; x_wconf 87' lang='lat' dir='ltr'>et</span> <span class='ocrx_word' id='word_1_426' title='bbox 1108 4523 1192 4571; x_wconf 84' lang='lat' dir='ltr'>malas</span> <span class='ocrx_word' id='word_1_427' title='bbox 1206 4529 1275 4571; x_wconf 89' lang='lat' dir='ltr'>artes</span> <span class='ocrx_word' id='word_1_428' title='bbox 1289 4521 1385 4571; x_wconf 88' lang='lat' dir='ltr'>intulit.</span> 
     </span>
    </p>

    <p class='ocr_par' dir='ltr' id='par_1_28' title="bbox 1069 4590 1609 4722">
     <span class='ocr_line' id='line_1_83' title="bbox 1120 4590 1609 4656; baseline 0.004 -18"><span class='ocrx_word' id='word_1_429' title='bbox 1120 4590 1161 4638; x_wconf 87' lang='grc'>59.</span> <span class='ocrx_word' id='word_1_430' title='bbox 1182 4590 1289 4640; x_wconf 79' lang='lat' dir='ltr'>Sidonii</span> <span class='ocrx_word' id='word_1_431' title='bbox 1301 4617 1332 4626; x_wconf 99' lang='lat'>—</span> <span class='ocrx_word' id='word_1_432' title='bbox 1346 4595 1464 4640; x_wconf 78' lang='lat' dir='ltr'>nactae:</span> <span class='ocrx_word' id='word_1_433' title='bbox 1478 4591 1520 4656; x_wconf 87' lang='lat' dir='ltr'>qui</span> <span class='ocrx_word' id='word_1_434' title='bbox 1541 4591 1609 4641; x_wconf 84' lang='lat' dir='ltr'>frau-</span> 
     </span>
     <span class='ocr_line' id='line_1_84' title="bbox 1069 4657 1607 4722; baseline 0.006 -17"><span class='ocrx_word' id='word_1_435' title='bbox 1069 4657 1142 4707; x_wconf 87' lang='lat' dir='ltr'>dibus</span> <span class='ocrx_word' id='word_1_436' title='bbox 1155 4659 1267 4722; x_wconf 86' lang='lat' dir='ltr'>gaudent</span> <span class='ocrx_word' id='word_1_437' title='bbox 1284 4659 1366 4722; x_wconf 90' lang='lat' dir='ltr'>iisqne</span> <span class='ocrx_word' id='word_1_438' title='bbox 1382 4667 1483 4710; x_wconf 88' lang='lat' dir='ltr'>eeteros</span> <span class='ocrx_word' id='word_1_439' title='bbox 1497 4659 1607 4710; x_wconf 84' lang='lat' dir='ltr'>homines</span> 
     </span>
    </p>
   </div>
   <div class='ocr_carea' id='block_1_17' title="bbox 0 0 1946 5525">
    <p class='ocr_par' dir='ltr' id='par_1_29' title="bbox 0 0 1946 5525">
     <span class='ocr_line' id='line_1_85' title="bbox 0 0 1946 5525; baseline 0 5"><span class='ocrx_word' id='word_1_440' title='bbox 0 0 1946 5525; x_wconf 95' lang='lat' dir='ltr'> </span> 
     </span>
    </p>
   </div>
  </div>
 </body>
</html>
