3884 5525
450 703 474 744 x
885 696 1147 750 recondendae.

429 911 432 915 ,
451 851 619 935 argumenti
636 853 732 936 gratia
748 874 841 936 pauca
857 852 982 916 subieci.
1014 874 1099 915 surae
1115 850 1175 913 tili
1187 852 1311 937 aliquid
1323 854 1403 915 imis
1418 854 1505 937 apud
1518 877 1576 929 rae,

453 971 609 1044 turriquam
625 962 657 1023 si
669 964 830 1023 citauiotar
844 960 1055 1045 midisueris:
1080 968 1166 1020 recte
1182 960 1261 1021 euim
1278 968 1308 1020 et
1324 981 1384 1023 noa
1402 959 1579 1041 temerese·

453 1063 547 1139 cerei,
560 1070 706 1151 quoniam
722 1066 757 1128 at
769 1088 844 1128 rasas
858 1066 936 1129 midi
949 1076 1046 1127 tecum.
1062 1086 1128 1127 esse
1140 1066 1238 1139 auleti,
1252 1067 1352 1149 siper
1367 1065 1579 1128 ualetudinem

454 1172 743 1256 tuarufieripossit.
769 1183 799 1235 et
810 1194 934 1235 rursusi
953 1172 1134 1255 tm'qualem
1148 1170 1276 1233 debeam
1289 1172 1479 1244 memoriam,
1491 1180 1581 1257 pote-

417 1289 433 1338 5
453 1280 500 1339 ris
511 1276 558 1340 em
566 1276 716 1362 Septimio
732 1301 852 1364 quoque
867 1289 973 1340 mostra
990 1276 1118 1338 audire:
1136 1296 1208 1338 mam
1224 1277 1336 1338 r‘aer'dit
1351 1286 1386 1338 ut
1401 1278 1456 1339 illa
1473 1299 1579 1341 coram

440 1384 544 1465 fieret
560 1406 585 1466 ¹a
605 1407 653 1447 me
674 1387 722 1446 tui
739 1388 866 1447 mentio.
906 1404 1005 1468 neque
1028 1385 1106 1446 enim
1131 1384 1162 1444 si
1182 1390 1214 1442 tu
1236 1382 1389 1465 saperdas
1412 1386 1581 1445 amicitiam

453 1500 589 1552 neostram
600 1492 760 1574 sprevisti,
772 1490 842 1553 ideo
853 1512 910 1553 nos
922 1511 1045 1575 quoqne
1057 1470 1405 1574 dodvmeamoouoi'uer.
1423 1499 1582 1571 praeterea

453 1615 543 1679 saepe
562 1616 630 1658 eum
649 1597 729 1658 inter
746 1597 822 1660 alios
843 1597 926 1661 iocos
949 1599 1147 1680 potissimam
1163 1616 1275 1679 penam
1297 1605 1327 1656 et
1347 1593 1582 1657 homuncionem

453 1702 673 1784 lepidissimum
697 1703 842 1786 appellat,
866 1724 984 1785 unaque
1008 1713 1038 1764 et
1060 1703 1153 1765 altera
1175 1699 1355 1763 liberalitate
1378 1700 1580 1785 locupletaoit.

405 1818 437 1868 to
453 1806 563 1890 scripta
579 1808 695 1890 quidem
713 1812 778 1871 eius
794 1810 975 1891 usqueadeo
995 1808 1133 1891 probauit
1148 1828 1344 1889 mansuraque
1361 1817 1503 1889 perpetuo
1520 1807 1585 1891 opi·

453 1899 541 1975 uatus
556 1924 614 1990 est,
629 1925 736 1975 utnon
751 1916 838 1977 modo
852 1915 1006 1978 saeculare
1018 1935 1137 1977 carmen
1153 1914 1384 1997 componendum
1401 1913 1581 1990 iniunxerit,

453 2020 506 2082 scd
521 2030 552 2082 et
562 2019 744 2083 vindelicam
761 2022 915 2085 uictoriam
929 2022 1044 2084 Tiberii
1056 2018 1207 2103 Drusique
1223 2020 1428 2103 priuiguorum
1445 2040 1581 2097 suorum,

453 2146 580 2207 eumque
591 2127 724 2211 coegerit
740 2139 859 2211 propter
874 2130 931 2192 hoc
943 2128 1037 2191 tribus
1050 2128 1213 2189 carminum
1231 2126 1316 2189 libris
1330 2148 1369 2189 ex
1386 2126 1474 2208 longo
1487 2126 1584 2189 inter-

367 2237 370 2242 ”
453 2232 533 2293 uallo
548 2244 684 2314 quartum
699 2234 826 2313 addere,
851 2244 917 2317 post
931 2254 1086 2322 sermones
1103 2254 1175 2297 uero
1198 2234 1291 2297 lectos
1308 2233 1446 2319 quosdam
1470 2233 1586 2295 nullam

405 2345 436 2395 15
454 2338 501 2400 sui
517 2339 698 2401 mentionem
715 2341 845 2405 habitam
861 2336 903 2403 ita
918 2340 958 2403 sit
973 2351 1112 2422 questus:
1140 2342 1240 2403 irasci
1252 2362 1299 2403 me
1316 2338 1377 2401 tibi
1389 2342 1480 2411 scito,
1500 2340 1588 2425 quod

454 2466 514 2505 non
531 2446 563 2505 ia
580 2446 741 2531 pleresque
756 2448 912 2510 er‘usmadi
929 2445 1060 2531 scriptio
1083 2468 1195 2509 maetam
1215 2446 1410 2530 potissimum
1427 2446 1583 2529 loquaris.

454 2573 495 2613 aa
508 2554 641 2627 recretis,
664 2575 703 2615 ae
719 2555 804 2637 apud
812 2566 958 2638 posteros
974 2554 1092 2636 infame
1108 2553 1168 2615 tibi
1179 2554 1221 2615 ait
1235 2552 1321 2636 qaod
1334 2552 1473 2614 ridearis
1480 2550 1587 2634 sarrai·
1631 2620 1635 2631 ,

384 2736 397 2751 ⁰
454 2657 546 2719 liaris
560 2657 650 2720 aodt's
664 2662 754 2721 esse?
772 2659 981 2743 expressitque
997 2660 1130 2743 eclogam
1147 2657 1232 2720 cuius
1248 2657 1362 2719 initium
1380 2667 1443 2718 est:

680 2797 740 2830 oum
754 2787 795 2832 tot
807 2770 941 2832 wsiioeas
954 2787 982 2831 et
995 2785 1075 2831 tenta
1088 2782 1199 2844 negotia
1212 2777 1295 2840 salos,

403 2858 436 2908 ²0
680 2881 725 2915 res
737 2867 824 2916 Italos
836 2870 921 2916 artois
934 2869 1041 2928 tuteris,
1057 2866 1177 2915 moritus
1191 2878 1280 2922 ornae,

680 2950 783 3014 legibue
796 2952 927 3013 erreeadee,
943 2953 972 2998 iu
981 2949 1091 3014 peritiae
1104 2947 1245 2998 commoda
1254 2961 1370 3011 peccem,

679 3038 706 3083 si
718 3035 798 3100 longo
811 3050 933 3084 eorauono
944 3049 1036 3083 morer
1049 3039 1096 3082 tua
1111 3038 1243 3097 tempora,
1256 3031 1366 3081 Caesar.

522 3133 550 3182 2.
570 3114 797 3184 uictoiNaooius.
909 3135 934 3184 3.
953 3133 1037 3184 uoluit
1050 3133 1215 3200 φΝοοηίοε.
1321 3133 1346 3182 4.
1366 3130 1486 3199 habeam]
1503 3134 1588 3186 habeo

456 3204 606 3264 Oenotriae.
723 3203 748 3250 5.
768 3202 880 3267 Septimo
896 3203 1030 3254 Nunnius.
1147 3203 1173 3252 6.
1194 3201 1260 3252 enim
1279 3218 1322 3251 om
1334 3201 1469 3251 Nummius.
1585 3256 1591 3263 .

454 3273 480 3320 t.
499 3264 788 3339 ἀνθυπερφρονοῦμεν
800 3271 922 3321 adiuratus
937 3272 1091 3335 Cruqutas:
1110 3265 1320 3337 decemuirorum
1331 3269 1471 3333 Nunnius,
1498 3266 1589 3323 ἀνθυ-

454 3340 672 3406 περηφανοῦμεν
692 3356 717 3398 ς.
848 3340 873 3389 8.
900 3355 957 3389 eum
979 3356 1019 3389 om
1040 3339 1173 3390 Naeuius.
1257 3339 1416 3404 potissimum
1432 3340 1588 3403 Cretonius:

453 3407 614 3472 purissimum
629 3406 783 3466 §Nunnius
795 3407 929 3458 Muretus.
991 3423 1088 3473 poenae
1101 3407 1234 3458 Noouios.
1334 3408 1444 3456 to-tt.
1465 3409 1589 3473 opinatus

454 3483 493 3525 est
504 3475 645 3541 Rutgersii
656 3475 770 3539 Regius:
791 3493 834 3525 om
850 3478 1003 3542 Cretonius,
1032 3477 1141 3526 credidit
1153 3477 1289 3526 Muretus·
1413 3476 1454 3526 12.
1482 3493 1588 3528 suornm

454 3545 578 3594 diceretur
593 3546 748 3609 Cruqaiua:
767 3561 809 3595 om
824 3545 957 3596 Nunnius.
1073 3547 1113 3595 14.
1132 3560 1194 3595 uero
1208 3545 1331 3596 Muretus
1346 3542 1500 3608 Cruauius:
1527 3563 1590 3612 quo-

453 3611 646 3678 queNaoaias.
719 3615 839 3678 quosdam
854 3630 896 3664 om
909 3615 1035 3674 Nunnius
1046 3615 1178 3665 Muretus.
1249 3605 1256 3623 ‘
1285 3615 1326 3662 15.
1346 3613 1551 3664 soioNaanius.

455 3683 497 3730 tt.
516 3679 612 3729 infame
626 3681 675 3730 tibi
688 3682 811 3732 ,Muretus
822 3685 974 3748 Cruqaius:
990 3684 1037 3734 tibi
1052 3683 1098 3734 ini.
1108 3683 1244 3734 u'l'aom'us.
1330 3682 1370 3731 18.
1385 3683 1501 3744 eclogam
1514 3685 1590 3734 cuius

453 3749 553 3798 initium
563 3748 611 3814 est]
620 3750 842 3817 quasiEpinicium
852 3753 942 3803 Codea
948 3753 1073 3802 Puteooi.
1152 3752 1193 3802 19.
1204 3749 1317 3816 negotia]
1326 3750 1440 3815 pericula
1446 3752 1588 3803 Muretus.

506 3874 596 3923 3-4.
615 3876 768 3937 si-fieri
783 3879 887 3940 possit:
914 3874 996 3923 somna
1038 3879 1142 3938 propter
1166 3873 1306 3922 carminum
1329 3871 1494 3936 castitatem,
1529 3890 1590 3924 mox

452 3943 575 4008 temporis
600 3945 745 4008 praesentis
769 3942 892 4008 (poerit)
918 3958 996 4004 argu·
1038 3943 1241 3991 dormitationem
1258 3941 1591 4005 teptaoamomtuaear-

452 4018 538 4061 mento
551 4019 604 4072 est,
626 4013 691 4062 banc
703 4013 837 4078 epistulam
850 4011 925 4076 paulo
939 4018 997 4076 post
1039 4014 1122 4075 togate
1137 4009 1294 4073 Wiotrtleia)
1313 4009 1344 4058 ob
1366 4008 1476 4060 facetias
1490 4011 1590 4068 satira-

452 4081 638 4130 recusationem
648 4081 746 4129 Horatii
756 4081 994 4142 subsecutamesse,
1039 4093 1093 4127 rum
1106 4085 1132 4128 et
1145 4077 1322 4144 epistularum.

453 4148 518 4213 qaod
531 4163 631 4211 moneo,
641 4157 670 4197 ut
683 4149 807 4210 benignus
819 4149 918 4197 animus
930 4148 997 4215 opti-

479 4218 485 4228 .
531 4218 537 4228 ,
573 4217 606 4228 ,,
640 4217 646 4228 ,
762 4217 767 4228 ,
885 4217 890 4227 ,
1091 4172 1116 4222 9.
1137 4187 1243 4238 armaque
1265 4147 1397 4221 etaltera
1418 4170 1591 4226 liberalitate

452 4233 487 4266 nu
500 4232 621 4282 artocopus
639 4233 664 4268 uu
679 4218 812 4266 Horatium
825 4232 905 4279 magis
918 4231 996 4282 appa-

609 4285 614 4296 ,
765 4288 770 4299 ,
828 4284 833 4295 ,
1040 4241 1237 4306 locupletavit:
1268 4239 1336 4290 coni.
1358 4239 1476 4290 Prooem.
1498 4241 1589 4309 Eat!

454 4293 520 4335 rent.
540 4284 683 4334 Proximum
695 4287 768 4335 raolm
781 4293 888 4348 positum
898 4293 939 4334 est
950 4300 995 4350 pro
1042 4310 1082 4358 15·

454 4353 638 4405 consuetudine
655 4354 829 4417 epistularum.

505 4424 530 4471 5.
558 4438 592 4470 w
609 4423 754 4488 Septimio:
778 4421 845 4471 conf·
866 4419 951 4470 carm.
973 4419 996 4470 H
1094 4396 1133 4446 ld.
1165 4401 1231 4458 post
1253 4411 1389 4443 seroaooes
1411 4410 1479 4444 uero
1501 4397 1590 4448 lectas

433 4472 623 4556 '6,ttpt.19.
1040 4471 1101 4513 cet:
1121 4465 1151 4513 dc
1166 4465 1204 4512 his
1219 4464 1313 4515 dictum
1326 4463 1359 4512 ad
1372 4461 1529 4527 Epttaet
1545 4466 1587 4516 13.

507 4561 533 4609 8.
549 4562 726 4625 pretiossimam
743 4574 838 4623 petrem
860 4559 922 4617 (das
934 4574 997 4606 sart·
1095 4558 1135 4608 18.
1156 4560 1388 4622 concessitque-
1400 4559 1514 4606 initium
1529 4566 1589 4610 est:

457 4631 545 4678 iterate
564 4627 720 4691 It'erloltea):
743 4643 836 4692 petrem
858 4625 998 4693 appellauit
1041 4626 1187 4676 Suetonium
1202 4626 1286 4690 opinio
1301 4623 1589 4683 tetottit;ot.1¹rooem.

456 4697 488 4746 ob
518 4697 620 4747 breuem
649 4704 793 4760 staturam,
821 4699 995 4761 potissimum
1041 4693 1121 4760 Elam
1138 4694 1179 4744 13.
