3884 5525
477 657 480 664 ’
582 664 631 716 ΧΙ.
657 664 702 716 DE
716 662 1231 719 RORAT.SAEG.VllllCODlClBVS.
1393 688 1475 731 xxx!

344 834 485 919 exemplo
500 836 653 900 excitatns
668 836 704 898 ad
720 836 777 898 hoc
790 855 864 897 nsua
879 845 937 911 est,
954 846 988 897 ut
1005 834 1276 901 Commentatorem
1292 858 1396 917 snum,
1419 859 1474 902 ex-

343 942 436 1027 ceptis
460 941 639 1005 Sermonum
669 941 753 1005 libris
782 942 820 1004 ed
850 962 924 1023 qnos
953 927 1037 1004 nulla
1059 942 1170 1007 scholia
1193 956 1279 1007 uetus
1302 945 1474 1008 blandinins

343 1048 492 1133 praebuit,
509 1048 579 1109 inde
594 1049 780 1131 potissimum
796 1048 1013 1111 conscriberet.
1032 1048 1065 1110 ln
1081 1071 1138 1131 qno
1152 1050 1273 1134 negotio
1289 1072 1384 1133 neque
1401 1053 1474 1115 scite

343 1176 441 1237 neque
457 1164 631 1218 constanter
646 1165 784 1218 uersatus
799 1164 862 1231 est,
887 1155 939 1217 sed
961 1156 1090 1237 spissum
1107 1156 1379 1221 Commentatorem
1402 1159 1474 1221 dare

343 1264 468 1346 cupiens
483 1282 525 1324 ex
539 1261 633 1324 uariis
648 1260 745 1337 libris,
762 1261 850 1324 honis
865 1282 900 1323 ac
915 1262 1012 1339 malis,
1035 1263 1128 1325 irusta
1144 1264 1282 1347 sublegit,
1301 1266 1338 1327 ad
1354 1264 1474 1329 Sermo·

345 1390 414 1432 num
431 1368 524 1431 libros
539 1387 578 1429 ne
593 1368 748 1430 annotanit
763 1367 880 1449 quidem
898 1367 1012 1430 scholia
1036 1368 1168 1433 defuisse
1190 1371 1287 1433 ueteri
1303 1372 1471 1449 blandinio,

344 1488 379 1540 nt
398 1476 457 1539 nisi
476 1474 590 1539 Nannii
610 1474 783 1537 testimonio
805 1474 989 1536 contrarium
1019 1486 1188 1555 constaret,
1214 1478 1329 1560 opinari
1351 1478 1475 1542 debere-

345 1605 412 1647 mus
428 1584 517 1645 etiam
539 1582 644 1650 horem
666 1558 930 1644 commentatorem
954 1581 1112 1665 praecipue
1135 1602 1176 1645 ex
1199 1594 1302 1647 uetere
1318 1584 1474 1649 blandinio

345 1700 495 1774 sumptum
511 1708 591 1751 esse.
1400 1745 1403 1749 .

434 1794 591 1858 Successio
621 1794 797 1878 scriptorum
822 1794 937 1857 Horatii
964 1793 996 1856 in
1020 1795 1174 1859 blandinio
1199 1798 1272 1861 haec
1293 1798 1368 1861 luit:
1396 1796 1475 1861 Cur-

345 1908 448 1977 miuo,
470 1901 541 1965 Ars
553 1904 700 1985 poetico,
723 1902 832 1985 Epodi
845 1922 912 1964 euro
929 1905 1067 1964 cormthe
1084 1902 1269 1979 Saeculom',
1292 1905 1473 1989 Epistulae,
1554 1972 1561 1983 ,

346 2009 523 2073 Sermones.
548 2007 614 2069 Hoc
628 2008 671 2070 ita
688 2007 780 2070 luisse
802 2007 898 2089 liquet
920 2028 962 2070 ex
984 2008 1094 2071 iunctis
1117 2010 1228 2074 duabus
1246 2012 1372 2094 Cruquii
1392 2030 1476 2074 men·

254 2154 259 2165 ·
346 2114 495 2192 tionibus,
520 2134 644 2196 quarem
666 2114 758 2176 altera
776 2113 885 2197 legitur
899 2115 935 2177 ad
951 2113 1049 2177 Serra.
1068 2116 1079 2178 l
1099 2120 1112 2177 1
1132 2138 1160 2200 p.
1172 2120 1234 2182 308
1249 2118 1294 2181 A:
1316 2112 1476 2201 ‘antiquis-

346 2222 440 2284 simus
456 2232 556 2284 antem
571 2242 613 2284 ex
628 2220 807 2283 bibliotheca
822 2220 977 2284 blandinia
993 2226 1083 2304 (quae
1099 2244 1196 2302 nnnc,
1217 2228 1270 2308 prd
1286 2227 1390 2303 dolor,
1415 2248 1476 2291 una

347 2351 414 2391 curn
436 2330 571 2391 Dunensi
593 2348 611 2389 a
632 2326 787 2402 barbaris,
813 2347 1019 2408 necunquam
1049 2330 1120 2393 satis
1143 2333 1322 2395 execrandis
1351 2327 1476 2397 eiuoao·

346 2434 500 2499 κλαστιῦν
514 2455 638 2517 prorsus
653 2433 763 2509 lacera,
781 2433 936 2509 distracta,
954 2434 1119 2516 deperdita,
1133 2448 1242 2500 exusta
1258 2450 1315 2513 est,
1335 2460 1393 2501 non
1410 2438 1475 2501 sine

347 2541 574 2625 incomparabili
588 2540 636 2602 rei
651 2539 833 2616 litterariae,
858 2550 889 2601 et
910 2539 1042 2601 omnium
1063 2540 1285 2623 disciplinarum
1306 2544 1476 2609 immedica-

347 2647 401 2710 bili
416 2650 569 2730 uulnere),
586 2648 612 2711 is
628 2648 748 2729 inquam
764 2645 864 2722 habet,
883 2645 919 2724 Q.
935 2646 971 2707 H.
987 2645 1022 2707 F.
1038 2646 1165 2709 Carmen
1181 2649 1317 2711 seculare
1333 2650 1473 2733 explicit:

348 2754 453 2838 incipit
474 2746 664 2839 Eclogarum’
688 2754 732 2835 (l)
752 2747 843 2817 ‘liber
864 2754 994 2837 primus,
1025 2752 1196 2816 maiusculis
1226 2754 1398 2836 quibusdam
1420 2757 1476 2838 (ita

348 2873 449 2926 tamen
464 2873 499 2925 nt
513 2863 613 2944 aliquo
628 2861 716 2924 modo
732 2861 792 2943 legi
807 2865 943 2942 possent)
959 2859 1182 2923 characteribus
1198 2863 1310 2938 erasis,
1335 2873 1423 2944 atque
1445 2865 1476 2926 in

348 2989 451 3053 earnm
468 2969 541 3032 locis
557 2968 682 3051 depictis
698 2967 775 3044 aliis,
793 2967 842 3048 qni
857 2966 962 3029 lectori
981 2961 1020 3029 τὸ
1036 2966 1211 3030 Sermonum
1228 2961 1393 3032 exhihent'.
1424 2969 1475 3034 ttis

348 3075 490 3137 conferre
513 3074 653 3137 debemus
669 3094 746 3156 quae
762 3095 828 3156 pag.
847 3071 952 3135 309A
974 3084 1157 3154 sequnntur:
1180 3067 1305 3138 tnemini
1327 3075 1406 3138 enim
1427 3078 1477 3140 uel

347 3181 478 3265 propriis
495 3181 642 3266 unguibus
659 3190 782 3242 nonest
805 3181 923 3256 notius,
949 3189 1059 3260 quanta
1082 3180 1190 3244 iniuria
1215 3183 1252 3246 ed
1267 3181 1391 3244 Pisones
1415 3181 1477 3265 epi·

348 3289 427 3352 stola
456 3310 473 3351 a
504 3289 565 3350 suis
596 3286 767 3370 coepistolis
798 3288 845 3369 (nt
873 3285 917 3348 sic
946 3286 1065 3368 loquar)
1090 3298 1239 3370 tamquam
1265 3287 1477 3352 cohaeredibus

349 3395 454 3458 auulsa
470 3393 522 3470 sit,
539 3394 712 3476 reiectaque
728 3393 759 3454 in
779 3393 875 3454 locum
898 3413 959 3454 nou
981 3413 1077 3456 suum.
1096 3429 1137 3440 ·-
1153 3431 1195 3442 --
1216 3394 1291 3457 Nam
1313 3395 1346 3458 in
1369 3395 1477 3458 codici-

350 3501 404 3563 bus
427 3500 593 3562 Blandiniis
616 3500 759 3576 dnobuso
780 3499 922 3560 'lonsano
945 3507 976 3559 et
997 3499 1119 3576 Dinaei,
1145 3511 1214 3562 ante
1236 3499 1328 3564 libros
1350 3501 1477 3584 Eologa·

348 3605 423 3670 rum’
442 3607 503 3688 (l):
524 3601 571 3668 ‘in
593 3606 663 3668 aliis
684 3605 797 3668 duobus
819 3597 992 3667 blandiniis'
1009 3605 1129 3686 (borum
1152 3607 1229 3668 alter
1251 3618 1338 3670 uetus
1360 3607 1478 3670 Blandi·

349 3714 418 3776 nins
434 3713 503 3796 fnit)
519 3750 561 3759 —
573 3706 657 3775 ‘ante
679 3712 772 3774 libros
788 3702 937 3800 impdcbu'
955 3709 1062 3790 (locum
1086 3710 1200 3790 habet).
1228 3713 1309 3790 Quae
1332 3713 1425 3776 uerba
1446 3724 1479 3776 ut

349 3831 433 3882 recte
454 3817 589 3901 intellegi
612 3818 742 3901 possint,
767 3837 874 3879 moneo
891 3815 1054 3898 Canonium
1074 3810 1265 3880 ‘maiusculos
1288 3820 1478 3885 characteres

350 3947 410 3988 non
426 3925 548 4008 penitus
564 3915 677 3987 erasos'
694 3923 768 3987 falso
784 3923 1012 4006 interpretatum
1029 3941 1096 3985 esse
1111 3925 1318 4009 Eulogorum,
1336 3946 1370 3987 ac
1386 3927 1479 3990 fnisse

350 4031 415 4094 sine
433 4032 527 4094 dubio
549 4029 758 4107 demvm,
781 4030 811 4091 h.
829 4044 857 4090 e.
876 4029 1105 4113 Epistularum.
1128 4027 1204 4093 Nam
1226 4030 1402 4113 Eclogarnm
1425 4053 1479 4094 no-

349 4138 430 4199 mine
446 4137 477 4198 in
491 4136 577 4198 nullo
600 4136 702 4198 codice
718 4135 882 4198 Horatiano
906 4135 1024 4217 aliquod
1047 4157 1141 4218 genus
1164 4137 1361 4219 scriptorum,
1386 4137 1480 4201 ueluti

349 4243 512 4306 Sermones
529 4254 582 4306 aut
596 4241 760 4325 Epistulae,
778 4252 914 4318 uocatur,
941 4243 994 4304 sed
1010 4241 1113 4325 ecloge
1129 4243 1252 4325 perinde
1268 4253 1300 4304 ut
1314 4236 1481 4306 εἰδύλλιον

350 4370 471 4412 carmen
493 4349 647 4431 singulare
670 4368 730 4409 non
753 4347 874 4430 longum
890 4348 1073 4410 nominatur.
1099 4347 1159 4409 lam
1182 4347 1282 4412 exiis
1306 4369 1382 4432 qnae
1404 4349 1481 4410 dixit

351 4456 500 4538 Crnquius
516 4453 573 4518 boc
589 4454 794 4536 consequitur,
811 4465 879 4536 post
900 4473 1022 4516 carmen
1044 4453 1198 4518 saeculare
1221 4453 1252 4516 in
1274 4466 1378 4518 uetere
1393 4455 1481 4516 lilan-

351 4610 636 4731 “Addpi‘ldssgfflhmm
645 4609 732 4676 Pauly
741 4609 816 4675 phil.
824 4609 875 4659 Dr.
886 4607 994 4673 Lipsiae
1007 4609 1160 4674 sumptibus
1173 4608 1303 4657 libramen
1312 4607 1480 4656 Hahoioaae.
1493 4662 1496 4668 -
