3884 5525
765 666 944 720 csauiiivii
961 667 971 717 i
990 667 1032 715 37.

543 843 677 902 uenator
690 839 724 899 in
739 837 857 912 campis
873 835 988 896 niualis

542 949 743 1025 Haemoniae,
761 949 850 1009 daret
865 950 901 1008 ut
915 945 1034 1008 catenis

543 1103 637 1165 fatale
652 1105 845 1163 monstrum:
865 1114 946 1175 quac
960 1095 1145 1174 generosius

541 1215 642 1291 perire
656 1227 810 1289 quaerens
825 1185 883 1272 neo
899 1207 1091 1270 muliebriter

542 1325 671 1400 expauit
685 1338 792 1384 ensem
808 1337 865 1383 nee
879 1321 1008 1384 latentis

542 1437 643 1496 classe
658 1436 719 1495 cita
734 1433 993 1509 repercutimus,

543 1603 619 1650 ausa
635 1591 667 1648 et
680 1587 833 1647 iacentem
850 1585 954 1646 uisere
969 1581 1087 1658 regiam

543 1699 633 1760 uultu
649 1712 772 1772 sereno,
791 1696 882 1756 tortis
898 1698 929 1754 et
944 1706 1072 1768 asperas

403 1888 445 1936 itt.
472 1887 559 1951 canpis
577 1886 610 1935 B.
725 1886 768 1934 20.
794 1881 930 1932 Hemoniae
950 1879 980 1928 il.
1105 1878 1146 1928 22.
1173 1891 1282 1941 querens
1303 1876 1333 1926 G.
1417 1892 1463 1925 nce

331 1956 495 2004 muliebriter
512 1955 617 2020 expauit
636 1969 722 2002 ensem
734 1951 891 2003 Priscianus
903 1946 989 1998 xviii
1006 1947 1037 1996 15
1052 1945 1111 1996 128.
1216 1941 1258 1994 23.
1279 1945 1383 1994 latentis
1396 1945 1462 1996 Ali.-
1475 1963 1489 1980 ·

332 2025 445 2074 latentes
457 2023 514 2075 BG.
619 2022 663 2072 24.
684 2023 761 2072 boras
778 2021 833 2070 Gli.
937 2017 980 2067 26.
1000 2017 1146 2080 nuitsereno
1161 2015 1193 2065 A.
1266 2013 1391 2064 iortesA.

334 2237 460 2286 Homerus
473 2235 503 2285 li.
519 2232 544 2290 Ξ
557 2234 615 2284 138.
673 2232 767 2282 mollis
779 2229 879 2279 colam-
922 2223 1016 2310 rgo'rra
1029 2227 1174 2290 (uenenum,
1189 2227 1298 2288 gladium
1313 2227 1375 2290 cet.)
1384 2265 1392 2290 ,
1413 2220 1463 2292 ἀφ’

335 2308 400 2356 tas:
424 2305 531 2370 pulchra
549 2303 650 2365 imago;
674 2302 766 2351 molles
783 2298 879 2348 coium·
921 2314 960 2349 ων
973 2292 1130 2348 ἀποθανεῖν
1142 2289 1258 2345 ἐδύνατο
1278 2289 1464 2376 πονησάμενοι

334 2375 382 2424 lue
413 2372 569 2423 conueniant
598 2370 725 2420 delicatae
759 2367 877 2429 feminae,
921 2364 1025 2436 ἡμέρας
1041 2365 1094 2432 μέν
1114 2378 1192 2420 τινας
1202 2359 1273 2413 κατὰ
1283 2379 1381 2430 gaspar
1394 2363 1464 2432 αυτῇ

334 2448 408 2492 citas
441 2447 559 2490 uenator
593 2439 727 2489 uelocibus
758 2435 879 2486 Liburnis
921 2435 1119 2498 -διατρῖψαι
1130 2429 1291 2500 ἐπέτρεψαν
1304 2432 1463 2495 irruentum

335 2511 498 2577 Cleopatram
512 2509 733 2574 persequentibus,
751 2506 826 2570 iopas
840 2519 880 2553 re·
921 2512 949 2556 et
959 2499 1171 2568 Epaphrodiins).

336 2581 410 2643 ginae
429 2579 562 2629 celerrime
581 2577 699 2642 fugienti.
718 2574 758 2625 Ci.
778 2573 879 2624 Plutar·
974 2595 1096 2646 23-24·
1119 2607 1166 2642 m
1184 2593 1293 2642 [mm-3
1307 2621 1339 2630 -
1353 2607 1466 2660 repam-

335 2650 470 2699 ⁶¹¹¹¹⁵L⁰⁰
921 2671 967 2718 ait
985 2681 1062 2715 oras:
1089 2667 1207 2712 accurate
1227 2661 1357 2710 historiam
1379 2660 1464 2726 seqni-

389 2734 512 2792 191-20·
533 2736 563 2784 iu
579 2735 681 2798 campis
694 2729 881 2781 niualitfflw·
922 2745 973 2788 tur.
1006 2732 1069 2785 Nam
1092 2732 1123 2782 nd
1143 2729 1279 2795 Hispaniae
1301 2745 1360 2779 oras
1380 2729 1464 2780 classe

336 2808 461 2855 monins:
486 2802 626 2868 inemptis
647 2800 752 2850 effusiffl'
772 2798 831 2863 fusi
854 2804 881 2847 θῑ
923 2806 1045 2868 aufugere
1059 2800 1184 2853 Antonius
1197 2800 1314 2860 intendit,
1331 2800 1375 2849 sed
1390 2800 1464 2847 Cieo-

318 2873 490 2923 .eoneitatior
525 2870 669 2939 persecutio
699 2875 783 2935 potest
811 2882 878 2928 csse,
923 2882 996 2941 putra
1011 2870 1144 2939 ‘prohibuit
1156 2883 1186 2917 ac
1199 2884 1277 2918 naues
1291 2868 1397 2918 Caesari
1411 2875 1465 2917 tra-

336 2942 441 3007 perinde
453 2948 483 2990 nt
495 2941 521 2989 in
533 2955 650 3004 aequore
666 2938 754 2989 maris.
775 2936 881 2986 Haemo·
923 2944 996 2993 didit,
1024 2941 1070 2991 [110
1090 2938 1120 2988 Li
1144 2938 1188 2987 102
1209 2936 1288 2987 pati,
1306 2935 1465 3004 μὲνμῃῑο.
1506 2968 1508 2973 .

338 3011 379 3059 nia
392 3010 487 3059 niualis
500 3017 527 3059 et
539 3010 645 3058 hiberna
656 3008 799 3070 cogitator,
814 3002 879 3069 qnod
923 3012 993 3082 ntus)
1017 3036 1047 3047 -
1067 3002 1138 3073 πρός
1158 3021 1186 3055 τε
1206 3000 1236 3055 τὸ
1253 3000 1384 3057 ναυτικὸν
1407 3000 1488 3058 rim,
1522 2988 1526 3000 ⁸

337 3087 396 3129 tunc
405 3086 542 3129 uenatores
553 3078 663 3144 leporum
674 3074 784 3139 uestigia
796 3074 881 3135 legere
924 3082 1011 3131 ἔκλινε
1035 3077 1082 3127 καὶ
1107 3068 1326 3135 παρεσκευάζετο
1353 3069 1389 3131 ὡς
1418 3074 1465 3123 καὶ

337 3155 452 3213 possunt.
472 3146 577 3211 Semper
597 3145 881 3206 niualescssecampos
923 3140 1113 3215 ναυμαχήσων
1149 3138 1165 3208 ἢ
1195 3136 1337 3199 πάντως
1366 3158 1403 3209 γε
1432 3140 1466 3197 ἐς

338 3217 492 3266 Haemoniae
510 3223 583 3280 poeta
606 3228 687 3278 neque
699 3212 782 3261 noluit
795 3210 881 3259 dicere
926 3212 985 3281 τὴν
1006 3210 1161 3284 Ἰβηρίαν
1186 3206 1463 3280 πλευσούμενος,

339 3301 419 3350 neque
437 3284 528 3350 potuit.
557 3282 695 3332 Haemonia
714 3287 754 3330 est
770 3278 882 3328 Thessa·
925 3285 1024 3335 Μοῦσα
1044 3282 1074 3333 δὲ
1094 3276 1169 3333 τοῦθ’
1192 3276 1207 3344 ἡ
1227 3274 1396 3346 Κλεοπάτρα
1417 3272 1466 3335 τάς
1523 3306 1525 3313 .

339 3354 382 3417 lia,
396 3354 440 3403 ubi
454 3360 590 3402 senatores
603 3351 676 3415 equis
688 3349 734 3399 citi
748 3354 816 3398 sunt.
924 3370 953 3404 u
970 3354 1038 3409 ναῦς
1058 3348 1246 3418 αὐτομολῆσαι
1264 3350 1307 3412 (ad
1328 3349 1465 3399 Caesarem

371 3438 498 3488 20-21.
518 3438 648 3487 daretut
667 3436 769 3484 catenis
784 3431 882 3497 fatale
925 3421 1106 3483 Octauianum)
1125 3418 1238 3482 ἐποίησε
1256 3418 1315 3468 κτλ.
1345 3418 1466 3466 tolentes

339 3513 507 3557 monstrum:
543 3502 715 3570 persecutioni
745 3516 778 3551 ox
806 3500 881 3550 Actio
924 3507 985 3541 oras
1010 3490 1089 3550 dixit,
1115 3488 1157 3537 ubi
1181 3488 1261 3536 latere
1281 3486 1466 3549 Caesaremque

340 3582 444 3641 coeptae
475 3574 500 3623 id
531 3573 686 3639 propositum
714 3576 790 3636 poeta
819 3568 883 3617 (licit
925 3560 1015 3623 fugere
1040 3564 1141 3623 posset3
1176 3570 1280 3621 parare
1311 3570 1374 3603 oras
1400 3553 1466 3601 soret

341 3638 883 3708 inisse,utCieopatrauiueuiiscousin-iu·
921 3623 993 3677 ‘oras
1017 3625 1065 3675 sini
1090 3616 1241 3689 ucquircue’,
1272 3636 1403 3687 reparare
1428 3626 1467 3669 est

341 3720 455 3776 geretur.
482 3748 490 3757 .
922 3692 978 3762 ‘pro
997 3692 1099 3744 arnissis
1119 3706 1198 3739 nonas
1217 3685 1329 3755 parare,
1348 3688 1382 3739 oi.
1405 3686 1414 3737 i
1435 3687 1463 3735 si

855 3790 883 3837 d,
927 3766 973 3813 it:
1011 3764 1076 3811 aina
1106 3760 1177 3825 Syra
1207 3763 1339 3823 reparata
1369 3771 1464 3805 merce.

342 3866 422 3931 pungit
451 3881 516 3932 qua,
545 3862 660 3929 proximo
689 3867 746 3926 post
773 3873 881 3924 pugnam
926 3833 1009 3912 Aliter
1027 3834 1170 3878 anno'antc
1190 3826 1265 3891 paulo
1285 3832 1466 3905 postlpugnanr

342 3937 472 3985 Actiacam
497 3948 562 3983 ,nno
587 3929 759 3981 Alexandriae
790 3942 883 3976 wenc,
925 3906 1055 3951 Actiacam
1068 3896 1098 3945 de
1111 3895 1245 3960 Cleopatra
1259 3901 1374 3943 sensuit-n
1385 3892 1466 3958 Eprod.

344 4012 408 4053 runt.
440 4002 556 4052 Prudens
587 3999 612 4047 in
637 3998 709 4049 exitu
732 3996 883 4060 Cleopatrae
925 3967 1067 4019 929*3²·
1211 4051 1216 4062 Ι
1341 4050 1346 4061 ¹

344 4073 499 4132 immoratur,
514 4070 621 4136 primum
635 4074 664 4118 ut
675 4065 778 4117 Antonii
791 4079 885 4114 memo-
979 4054 1021 4102 25.
1041 4055 1172 4129 iacentem
1186 4062 1408 4127 eraserarcgzam:
1428 4060 1468 4095 re-

343 4141 380 4189 ria
394 4141 431 4189 sie
447 4146 614 4199 amoneatur,
633 4144 685 4185 tom
703 4142 732 4184 ut
750 4134 777 4182 in
795 4132 884 4194 regina
926 4123 993 4186 piam
1012 4136 1026 4171 a
1045 4116 1222 4169 defensoribus
1241 4116 1372 4177 relictam,
1393 4130 1408 4164 a
1427 4129 1469 4162 sa·

343 4208 462 4258 Caesaris
482 4209 580 4256 uirtute
601 4204 703 4254 deuicta
726 4201 837 4266 dignitas
859 4207 885 4249 ct
927 4190 1053 4241 teiiitibus
1072 4195 1098 4237 ct
1119 4185 1241 4235 ministris
1267 4184 1423 4245 desolatam,
1443 4182 1468 4230 in

344 4278 445 4342 spiritus
458 4290 599 4339 generosus
611 4274 739 4322 laudetur.
927 4274 977 4325 qna
990 4256 1116 4308 Antonius
1129 4272 1156 4305 se
1170 4256 1310 4304 interemit.

392 4362 517 4411 22—23.
547 4376 595 4409 nec
611 4358 782 4408 muliebriter
802 4369 884 4418 eoepa-
979 4350 1101 4401 ao-ul.
1119 4348 1211 4412 sortis
1232 4353 1261 4397 at
1281 4360 1391 4411 asperae
1414 4348 1470 4391 tra-

344 4433 386 4479 uit
395 4446 482 4480 ensem
493 4448 498 4479 ι
511 4429 537 4477 in
548 4443 635 4477 ensem
645 4442 694 4491 quo
704 4425 817 4474 accincta
828 4428 886 4472 erat
928 4426 1004 4471 ctare
1015 4422 1167 4483 cerpentes:
1187 4416 1218 4465 de
1231 4414 1330 4465 Graeca
1342 4418 1470 4461 structura

344 4497 485 4549 incumbere
506 4496 604 4557 uoluit,
624 4511 680 4545 oum
694 4492 840 4543 Proculeius
859 4492 885 4539 in
920 4489 1011 4554 sortis
1026 4484 1194 4538 tractasses.
1210 4482 1343 4533 odilis.
1393 4494 1470 4543 arpe-

345 4566 398 4615 eius
415 4572 604 4616 monumentum
624 4564 731 4627 illapsus
752 4561 777 4609 id
800 4558 882 4625 prohi-
928 4572 976 4607 rae
988 4562 1119 4622 serpentes
1136 4552 1240 4602 uocauit
1252 4557 1354 4615 propter
1366 4560 1470 4611 asperos

344 4634 406 4685 buit.
439 4634 537 4685 Narrat
555 4633 705 4682 Plutarchus
724 4630 784 4679 Ant.
803 4644 827 4678 e.
842 4627 884 4675 ts.
929 4640 1015 4675 earum
1026 4638 1135 4673 morsus.
1148 4620 1208 4669 Rem
1221 4614 1470 4667 narratPintorchus

344 4701 390 4752 uio
413 4704 447 4753 ti
474 4704 525 4752 ii:
554 4694 607 4752 κάκ
631 4694 736 4751 τούτων
758 4690 887 4747 innodas
929 4694 995 4742 o.85
1008 4699 1035 4742 et
1047 4692 1088 4741 86.
1110 4684 1342 4737 utotlisotii.

390 3796 517 3847 21-22.
543 3810 658 3861 quac-
671 3806 819 3859 preaesens:
837 3804 852 3838 a
