3884 5525
491 668 564 735 xvi,
583 668 699 721 llll'l'dll
713 654 1055 723 contendendum.
1069 670 1157 723 ClllT.
1171 670 1326 724 lustuns.
1390 676 1475 717 ‚tevit

340 848 368 888 ω
418 835 493 889 snut
508 824 626 888 eodiees
642 823 761 907 plurimi
775 823 812 886 nb
827 823 895 887 aliis
910 823 1023 887 eolloti.

340 951 360 1010 ς
433 968 479 979 -
507 930 608 1013 plures
624 928 662 991 nb
677 929 745 993 aliis
760 931 907 1011 eollnti*).

338 1042 368 1100 Σ
420 1037 537 1100 indicet
552 1037 710 1099 lectionem
725 1034 854 1100 Aeronis
870 1046 901 1099 et
915 1036 1139 1120 Porphyrionis.

339 1163 359 1224 ς
417 1144 472 1219 ubi
494 1155 562 1227 post
584 1144 721 1206 diuersas
744 1142 881 1205 lectionis
903 1144 1016 1205 lormns
1037 1153 1165 1226 utroque
1189 1143 1254 1207 loeo
1270 1144 1396 1233 positum
1413 1156 1471 1221 est,

510 1249 653 1313 indicium
675 1248 762 1313 adest
781 1249 915 1312 eodieum
937 1250 974 1313 nb
995 1248 1063 1312 eliis
1079 1250 1255 1314 collatorum
1272 1270 1427 1315 nnmerum
1443 1252 1474 1313 in

513 1366 640 1437 unaque
656 1364 740 1437 parte
756 1357 824 1417 iere*
835 1355 987 1438 aequalem
1005 1376 1085 1421 esse.
1433 1338 1438 1349 ¹

339 1464 457 1524 llnsnra
473 1461 624 1523 interdum
640 1459 695 1523 bae
710 1471 781 1524 nolo
794 1464 811 1499 ⁸
824 1461 954 1524 indicam
968 1473 1026 1525 est.

339 1567 469 1631 Numeri
486 1566 622 1629 ebsolnte
637 1566 727 1649 positi
742 1568 780 1629 od
795 1566 966 1630 Carminnm
983 1568 1075 1631 libros
1090 1568 1274 1630 reseruntur.
1362 1626 1372 1639 ,

340 1674 395 1753 Qui
418 1673 524 1758 speeie
546 1684 578 1735 et
598 1692 723 1735 numero
740 1675 874 1756 gaudent
900 1672 932 1735 in
960 1672 1099 1737 leudonis
1122 1673 1319 1757 discrepantis
1342 1672 1473 1736 lontibus

510 1778 720 1844 enumerandis
741 1799 838 1862 neque
853 1780 987 1843 contenti
1002 1790 1072 1845 sunt
1094 1778 1149 1843 boe
1165 1780 1281 1843 delectu
1297 1778 1441 1842 librorum
1457 1800 1474 1841 n

499 1881 560 1949 'me
582 1906 642 1947 non
663 1886 729 1949 sine
744 1886 862 1949 ratione
883 1886 1039 1962 instituto,
1065 1886 1118 1949 bos
1140 1906 1195 1969 ego
1211 1887 1248 1949 nd
1264 1886 1472 1963 liirehnernm,

512 1990 610 2055 uirum
632 1991 742 2055 laboris
765 1991 907 2075 patientia
929 2001 959 2055 et
980 1992 1136 2073 colligendi
1158 1992 1292 2057 sollertia
1315 1991 1475 2056 admirabi-

511 2099 582 2175 lem,
600 2098 683 2162 etad
698 2098 811 2162 similes
827 2097 920 2162 libros
934 2098 1111 2162 emundabo.

406 2317 433 2383 *)
453 2318 544 2382 Signis
562 2335 639 2386 snpra
658 2320 792 2371 eolloentis
805 2320 855 2371 dno
867 2321 969 2372 eodieen
982 2320 1111 2371 blandinii
1132 2320 1272 2386 nCruquio
1291 2321 1316 2371 iu
1329 2320 1474 2373 cirninum

340 2388 404 2437 libro
418 2388 502 2439 tertio
515 2396 542 2439 et
554 2397 656 2453 quarto,
675 2397 729 2440 tres
742 2390 767 2439 iu
781 2389 874 2441 ceteris
887 2390 1007 2457 operibns
1020 2397 1123 2455 prneter
1135 2396 1254 2439 ueterem
1268 2390 1375 2455 inspecti
1389 2404 1476 2455 quom-

339 2472 412 2520 qunm
426 2459 610 2522 comprehendi
623 2466 756 2524 poterent,
778 2466 861 2509 tomen
873 2459 905 2507 nb
917 2474 1034 2522 magnum
1053 2458 1140 2507 borum
1160 2456 1280 2507 libroruin
1295 2473 1383 2507 nomen
1397 2459 1474 2507 etiam

340 2533 442 2575 eeteros
457 2526 611 2575 Blendinins
632 2528 726 2577 nostris
739 2528 871 2577 codicibus
884 2544 932 2577 non
946 2527 1066 2577 meliores
1079 2526 1214 2590 sepnrntim
1228 2525 1375 2575 memoraui.
1395 2523 1476 2591 Quod

340 2594 473 2661 Cruquius
487 2594 520 2643 nd
540 2596 645 2645 tertium
659 2604 825 2663 quartumque
845 2596 937 2645 librum
951 2595 1095 2645 Curminum
1111 2602 1162 2644 tres
1176 2601 1272 2643 tentum
1286 2594 1387 2643 eodinus
1401 2594 1476 2645 lllnn-

340 2662 422 2713 dinios
436 2664 569 2728 inspexit,
591 2664 650 2714 inde
664 2680 712 2715 non
726 2664 872 2729 collegerim
886 2680 962 2714 unum
976 2679 1007 2713 ex
1020 2670 1140 2729 quntluor
1154 2662 1295 2712 Bloudiniis
1308 2662 1348 2713 bie
1361 2677 1475 2713 maneum

341 2730 437 2784 inisse:
459 2747 520 2782 unm
540 2733 642 2784 eodiees
654 2740 756 2784 ueteres
769 2733 884 2798 Horatii,
906 2733 947 2799 qui
968 2748 1045 2783 unuin
1064 2732 1205 2782 alterumue
1220 2729 1364 2780 Cermiuum
1383 2731 1475 2782 librum

341 2802 488 2864 omiserint,
508 2802 609 2863 nullibi,
629 2805 694 2868 quod
709 2805 798 2864 seium,
818 2789 999 2869 reperiuntur.'
1018 2801 1292 2866 Cuusnonrqunrtum
1306 2799 1414 2849 illumin
1428 2801 1475 2850 bne

341 2878 413 2934 perte
427 2871 577 2934 neglexerit
589 2871 728 2938 Grunnius,
747 2872 820 2922 nobis
834 2872 966 2936 iueognitn
979 2879 1027 2920 est.
1050 2870 1100 2936 lpsi
1114 2871 1179 2935 opud
1193 2871 1323 2933 llrugnnos
1336 2867 1476 2933 prolessori

341 2954 458 3002 mgnum
476 2939 531 2990 illis
543 2942 698 3006 temporibus
711 2941 762 2991 iter
773 2941 806 2990 ad
819 2939 969 2991 (leudunum
983 2932 1163 3006 permenndum
1176 2944 1242 3002 eret,
1257 2937 1322 3003 quod
1336 2953 1402 2987 nune
1415 2937 1476 2987 dnn-

341 3007 386 3058 bus
399 3009 474 3059 boris
488 3009 514 3058 in
528 3009 572 3059 nin
583 3009 670 3060 lernen
682 3009 838 3060 ebsolnitnr.
