3884 5525
959 594 1097 647 nonanu
1162 567 1165 575 ⁴

673 768 746 845 quid
761 767 824 829 iste
838 767 901 827 lert
914 764 1092 827 tumultus?
1108 768 1139 825 ct
1155 764 1229 839 quid
1244 764 1383 827 omnium

716 879 827 941 uultus
842 879 874 939 in
888 891 989 939 unum
1003 891 1053 939 me
1067 876 1196 938 truces?
1227 924 1229 927 .

673 1047 729 1108 per
743 1032 859 1093 liberos
873 1035 916 1105 te,
936 993 963 1091 st
979 1034 1091 1111 uocata
1107 1030 1260 1106 partubus

719 1140 842 1205 Lucina
857 1143 942 1204 ueris
957 1142 1071 1218 adluit,

674 1310 731 1373 per
745 1294 802 1355 boc
818 1295 912 1355 inane
926 1308 1082 1371 purpurae
1098 1294 1193 1355 decus
1208 1308 1329 1371 precor,

625 1430 630 1433 ·
720 1420 777 1483 per
790 1406 1028 1482 inprobaturum
1043 1406 1120 1467 baec
1134 1402 1253 1482 Iouem,

590 1601 598 1616 .
676 1560 750 1636 quid
764 1563 802 1621 ut
816 1544 951 1620 nouerca
966 1574 1017 1619 me
1032 1559 1166 1621 intueris
1181 1563 1237 1620 aut
1252 1559 1298 1620 uti

470 1688 502 1737 to
718 1671 815 1747 petita
830 1670 914 1732 ierro
930 1662 1055 1731 beluai³
1109 1729 1112 1735 ,

678 1824 805 1887 utbaec
820 1824 966 1885 trementi
982 1827 1113 1899 questus
1128 1838 1183 1885 ore
1199 1812 1340 1884 const'tit

719 1936 897 2011 insignibus
913 1936 1012 2011 raptis
1028 1950 1116 2012 puer,

540 2125 565 2174 3.
585 2124 683 2189 etquid
696 2124 767 2174 BHro
780 2123 935 2175 Blandim'c':
954 2123 1043 2189 sequid
1054 2124 1093 2187 A,
1114 2130 1160 2173 aut
1171 2122 1231 2189 quid
1244 2120 1309 2187 sgg.
1416 2120 1442 2170 5.
1462 2126 1540 2169 uocat
1552 2118 1586 2169 A.

470 2196 496 2244 6.
516 2192 597 2244 adluit
609 2194 686 2244 ABll
702 2192 742 2257 (in
755 2194 780 2243 B
791 2209 817 2242 a.
833 2208 869 2243 m.
883 2197 1097 2259 ruperemc‘ptcm
1112 2192 1154 2255 ll:
1181 2190 1254 2241 alluit
1267 2190 1315 2255 Sg.
1428 2189 1453 2238 8.
1473 2186 1602 2255 improba-

470 2271 555 2313 turum
566 2263 692 2327 ABHSg.
800 2262 841 2311 11.
861 2262 980 2312 trementi
993 2262 1145 2328 abnego.-
1163 2267 1287 2310 tremente
1300 2258 1449 2309 Bentleiuc.

470 2443 548 2493 etiam
561 2442 609 2492 boc
621 2458 636 2491 a
649 2442 874 2493 scholiastislalso
887 2442 1012 2493 traditum
1057 2443 1137 2493 latum
1150 2449 1200 2493 est.
1227 2441 1316 2507 ltaque
1329 2447 1389 2490 ante
1402 2439 1428 2489 id
1441 2447 1539 2505 tempus
1553 2440 1600 2489 bos

366 2506 372 2523 ’
470 2519 525 2574 est,
549 2510 674 2562 Canidiae
699 2528 787 2561 nomen
812 2528 856 2578 pro
879 2510 1012 2561 Gratidius
1057 2512 1156 2561 iambos
1170 2518 1243 2561 natos
1256 2524 1313 2560 esse
1325 2510 1415 2575 liquet.

470 2580 580 2646 positum
592 2594 660 2630 esse.
679 2578 743 2630 Nam
757 2582 782 2630 in
795 2581 883 2646 epodis
897 2582 955 2630 licta
967 2596 1013 2630 no·
1110 2580 1216 2629 1-10.
1237 2579 1305 2629 llaec
1317 2584 1437 2643 precetur
1449 2592 1527 2641 puer,
1541 2577 1599 2627 dum

470 2651 554 2712 mina,
573 2664 643 2699 more
662 2650 694 2698 ab
709 2649 861 2699 Archilocho
877 2657 903 2700 et
920 2649 1014 2699 deteris
1058 2649 1084 2698 iu
1098 2649 1210 2698 abditam
1224 2648 1324 2697 aedium
1343 2654 1440 2712 partem
1453 2646 1600 2697 abducitur.

470 2718 610 2769 iamborum
622 2718 787 2784 scriptoribus
801 2719 909 2782 tradito,
929 2718 1015 2768 uitan-
1113 2718 1199 2768 1-*3.
1220 2723 1251 2768 at
1269 2734 1283 2768 o
1304 2716 1415 2767 deorum
1435 2742 1465 2753 -
1478 2717 1543 2780 sert
1560 2720 1602 2765 tu·

469 2796 529 2851 tur,
549 2803 614 2852 quae
634 2803 712 2837 causa
726 2787 775 2837 fuit
786 2804 832 2838 cur
845 2788 976 2850 Horatius,
992 2787 1012 2838 si
1057 2788 1177 2837 multus.-
1197 2785 1323 2852 particula
1342 2791 1374 2836 at
1384 2785 1501 2836 affectum
1515 2785 1600 2834 subito

471 2857 571 2922 quando
590 2856 734 2906 nominibus
752 2857 880 2907 bominum
895 2857 1025 2920 exagito.
1057 2863 1260 2921 prorumpentem
1296 2855 1426 2920 exprimit.
1467 2854 1600 2904 Aduersus

470 2934 554 2976 torum
575 2941 681 2990 parcere
703 2926 797 2989 uellet,
822 2926 889 2975 notis
908 2927 1015 2990 quibus·
1058 2925 1209 2989 scripturam
1224 2924 1397 2990 quicquid—
1409 2926 1499 2987 regis,
1518 2931 1549 2972 ut
1561 2930 1601 2972 est

470 2995 527 3044 dam
547 3010 574 3044 se
593 2995 738 3044 contineret
748 3002 774 3044 et
785 2995 817 3044 ab
830 2995 892 3060 ipsis
905 2993 1015 3046 nomini·
1058 2993 1083 3042 in
1097 2993 1170 3043 libris
1184 3009 1232 3042 non
1247 2993 1344 3057 paucis,
1355 2993 1418 3042 baec
1428 2999 1514 3042 mouet
1523 2993 1600 3042 Bent-

469 3062 517 3113 bus
530 3063 605 3127 plane
618 3063 769 3113 abstineret.
789 3063 864 3113 Conf.
879 3070 965 3112 annot.
981 3062 1014 3112 ad
1057 3061 1134 3112 leius:
1151 3057 1212 3110 ‘uon
1225 3077 1289 3127 puer
1300 3061 1354 3124 ille,
1369 3061 1518 3126 quicumque
1531 3068 1598 3124 erat,

470 3131 552 3195 Epod.
572 3132 587 3179 4
606 3131 632 3180 2.
652 3131 720 3180 ldem
737 3130 860 3181 Canidiae
879 3147 968 3180 nomen
987 3131 1013 3180 in
1058 3130 1118 3180 deos
1131 3131 1172 3180 bic
1185 3138 1304 3197 precatur
1315 3129 1359 3180 sed
1373 3129 1506 3180 Canidiam
1519 3137 1546 3179 et
1558 3145 1601 3179 so-

469 3198 557 3248 satiris
580 3199 706 3260 recurrit,
726 3199 752 3247 in
772 3199 865 3262 quibus
887 3199 946 3249 licto
969 3215 1012 3248 no·
1056 3199 1110 3248 cias
1129 3200 1283 3264 alloquitur,
1303 3207 1331 3248 ut
1355 3213 1386 3248 ex
1408 3199 1462 3264 ipso
1485 3199 1600 3248 carmine

469 3266 537 3314 mina
556 3265 588 3314 ad
606 3267 747 3331 exemplum
766 3266 861 3315 Lucilii
886 3267 1012 3317 aFlacco
1057 3275 1136 3333 petet.
1151 3267 1264 3333 Alioqui,
1277 3269 1297 3318 si
1311 3269 1372 3317 deos
1386 3267 1425 3317 bic
1438 3275 1599 3332 precaretur,

400 3355 407 3367 ·
469 3335 529 3382 item
542 3339 676 3384 caueatur.
697 3333 735 3382 llo
754 3334 853 3383 accedit
871 3336 937 3399 quod
955 3351 1012 3385 curn
1056 3343 1108 3386 tum
1119 3351 1195 3385 uersu
1206 3344 1296 3401 quarto
1304 3339 1422 3386 omnium
1432 3336 1530 3386 uoltus
1540 3342 1600 3386 tru-

470 3401 579 3451 Canidia
591 3401 658 3450 aliae
670 3401 808 3467 mulieres,
828 3403 881 3453 suis
897 3419 1012 3470 quaeque
1057 3419 1098 3455 cea
1116 3405 1148 3454 de
1167 3405 1269 3454 deorum
1290 3404 1404 3454 uultibus
1423 3405 1599 3470 accipiendum

469 3469 613 3521 nominibus
633 3469 723 3532 (Folia
744 3473 940 3532 Ariminensis,
962 3474 1013 3524 So·
1057 3473 1141 3537 ioret3
1161 3474 1226 3538 quod
1245 3473 1277 3523 ab
1291 3474 1358 3523 omui
1376 3489 1453 3524 sensu
1466 3467 1596 3524 alienum'.

466 3556 555 3606 gana,
577 3539 664 3603 Veia),
678 3539 780 3590 iunctae
794 3548 868 3604 sunt,
883 3542 947 3606 quod
962 3541 1013 3591 Ca·
1055 3543 1133 3592 Addit
1155 3543 1239 3593 idem:
1262 3539 1362 3607 ‘Neque
1383 3557 1444 3591 uero
1468 3543 1605 3593 inuocatio·

469 3608 594 3660 nidiorum
617 3624 679 3672 gens
702 3608 802 3675 plebeia
827 3607 930 3659 llomae‘
947 3611 1011 3660 satis
1056 3611 1160 3661 deorum
1174 3619 1229 3674 est,
1248 3612 1293 3662 sed
1306 3611 1458 3661 exclamatio
1472 3611 1600 3662 duntaxat

468 3686 528 3729 nota
543 3677 601 3728 luit.
623 3677 679 3744 lpsa
691 3678 826 3728 criminum
839 3678 864 3727 in
878 3677 1011 3729 Canidiam
1056 3687 1082 3730 et
1101 3679 1256 3729 obtestatio:
1284 3681 1370 3744 qualia
1389 3681 1456 3743 ista,
1476 3681 1508 3730 di
1525 3682 1596 3744 boni,

468 3749 593 3798 iactorum
612 3746 734 3796 atrocitas
753 3755 920 3798 commentum
933 3749 1012 3798 nomi·
1056 3749 1199 3814 domogoi,
1213 3750 1283 3814 prob
1296 3750 1431 3814 Iuppiter,
1451 3765 1504 3814 pro
1518 3749 1598 3798 deum

468 3816 572 3866 nislieti
591 3816 695 3864 uidetur
713 3831 880 3882 procreasse:
900 3818 947 3867 sed
968 3832 1012 3866 ue·
1055 3823 1137 3882 atque
1156 3818 1294 3867 bominum
1305 3818 1403 3880 fidem.
1432 3817 1481 3866 Per
1499 3832 1596 3881 omnes,

467 3892 537 3934 teres
550 3885 703 3948 interpretes
716 3885 870 3949 oblitisunt,
885 3886 1010 3936 bosioeos
1054 3887 1107 3948 eit,
1133 3885 1215 3948 deos,
1234 3901 1280 3950 per
1304 3886 1423 3952 quicquid
1447 3886 1550 3936 deorum
1571 3886 1598 3935 in
1699 3931 1702 3942 ,

467 3953 547 4019 primo
575 3953 676 4002 nonnisi
706 3953 840 4019 perpaucis
871 3955 1010 4004 lectoribus
1054 3947 1596 4020 caeloest,quidtumultuslstesibiuulti’

466 4021 576 4070 traditos
592 4036 664 4084 esse,
684 4028 738 4071 tum
755 4023 932 4072 recantatione
951 4039 1011 4072 acu·
1105 4023 1182 4072 5-6.
1197 4027 1223 4072 ei
1234 4029 1335 4074 uocato
1346 4051 1382 4060 -
1395 4023 1506 4089 adfuit:
1521 4023 1599 4072 simu-

466 4090 534 4138 leum
559 4088 633 4158 nimis
662 4098 764 4141 acutum
794 4091 852 4140 indo
882 4092 1010 4155 demptum
1052 4091 1100 4142 lati
1113 4099 1200 4156 partus
1214 4092 1315 4156 oblique
1326 4091 1435 4142 Canidia
1448 4099 1596 4143 accusatur.

466 4171 534 4206 esse.
554 4154 673 4206 Natalem
685 4159 760 4208 buius
773 4159 846 4225 spodi
859 4173 952 4209 annum
965 4173 1011 4208 ur·
1053 4160 1106 4210 lloc
1124 4161 1220 4210 crimen
1240 4160 1373 4224 ingeniose
1390 4167 1465 4228 poeta
1478 4168 1598 4212 recanta-

467 4225 507 4274 bis
519 4224 570 4274 tto
583 4225 621 4286 (a.
635 4225 696 4277 Cbr.
708 4226 752 4290 34)
765 4229 809 4278 uel
820 4236 919 4294 tempus
931 4227 1008 4292 paulo
1053 4229 1091 4278 uit
1103 4229 1129 4278 iu
1143 4229 1222 4294 epodo
1237 4229 1267 4279 17
1282 4230 1324 4280 to.

465 4293 537 4360 prius
550 4293 655 4343 delinire
669 4295 738 4345 licet.
753 4294 818 4346 Nam
831 4305 906 4346 uetus
918 4295 1010 4361 Esqui·
1105 4299 1130 4348 7.
1146 4313 1200 4364 per
1212 4299 1263 4348 boc
1274 4325 1309 4334 —
1318 4314 1433 4364 precor:
1446 4313 1512 4364 puer
1525 4297 1598 4348 nobi-

465 4363 558 4412 liarum
579 4361 676 4422 torma,
696 4379 762 4429 qaae
782 4364 833 4413 fuit
851 4373 910 4414 ante
928 4379 1008 4428 opera
1052 4365 1088 4415 lis
1103 4373 1188 4429 togam
1208 4374 1367 4431 praetextam
1385 4373 1471 4432 gestat
1485 4381 1597 4432 purpura

466 4425 624 4482 Maecenatis
642 4431 677 4480 ibi
696 4433 825 4494 excitata,
847 4433 871 4480 in
893 4449 918 4482 u.
933 4432 966 4482 99
982 4440 1008 4483 ct
1052 4434 1167 4484 tinctam.
1206 4435 1276 4486 Hanc
1300 4439 1380 4486 inane
1403 4435 1483 4485 decus
1507 4441 1594 4499 uocat,

466 4501 516 4549 100
538 4501 676 4562 cogitatur.
708 4498 785 4563 Atqui
806 4501 894 4550 lrortos
917 4500 1008 4566 Esqui-
1051 4503 1116 4568 quod
1136 4502 1199 4552 nibil
1217 4501 1267 4554 sib'r
1282 4505 1402 4570 prodesse
1415 4503 1496 4553 uidet.
1517 4501 1596 4567 Quin-

466 4568 531 4616 linos
552 4567 709 4618 Maecenatis
733 4575 838 4632 coeptos
859 4585 917 4618 esse
941 4584 1006 4619 anno
1051 4571 1091 4620 til.
1107 4569 1220 4622 Declam.
1235 4573 1286 4622 340
1297 4579 1380 4622 extr:
1395 4588 1444 4638 ego
1457 4573 1535 4622 uobis
1548 4572 1596 4623 ad-

464 4635 536 4684 urbis
553 4636 599 4684 721
622 4637 648 4685 in
661 4635 794 4684 Prooemio
807 4635 914 4689 Serml
933 4638 948 4688 8
967 4653 1008 4688 rc·
1052 4639 1112 4706 lego
1137 4644 1220 4691 etiam
1242 4642 1314 4692 illud
1333 4657 1442 4692 eaerum
1460 4646 1597 4707 praetec-

1746 3363 1747 3406 l

1742 3553 1747 3588 l
