3884 5525
952 597 1091 650 nontin

667 768 753 830 ocior
768 767 873 830 cernis
888 771 921 829 et
934 771 1048 844 agente
1063 767 1184 830 nimbos

666 879 753 941 ocior
768 893 855 940 euro.

666 1050 769 1111 laetus
784 1051 815 1110 in
832 1063 982 1124 praesens
997 1050 1120 1111 animus
1136 1049 1216 1124 quon
1234 1049 1315 1111 ultra
1332 1055 1380 1111 est

669 1160 770 1221 oderit
784 1174 896 1221 curare
910 1164 943 1221 et
957 1175 1063 1221 amara
1079 1161 1162 1221 lento

668 1274 821 1346 temperet
835 1270 920 1332 nisu:
938 1270 1016 1331 nihil
1031 1271 1132 1331 estat
1148 1271 1231 1332 omni

669 1385 758 1457 parte
774 1381 908 1442 beatum.

670 1550 801 1610 ahstulit
814 1550 935 1611 elerum
950 1550 1011 1611 cita
1028 1565 1112 1612 mors
1127 1549 1293 1627 Achillem,

668 1661 764 1738 longa
778 1659 948 1723 Tithonum
964 1663 1078 1723 mlnnit
1093 1665 1249 1735 senectus

531 1873 574 1923 23.
594 1872 737 1925 otiosuli.
820 1875 925 1942 npmhos
942 1876 976 1926 B.
1093 1865 1332 1926 nnattauhun.
1448 1873 1490 1921 25.
1509 1871 1589 1922 Letus

463 1941 497 1990 B.
567 1942 707 2008 impresens
719 1943 752 1993 H.
862 1945 905 1994 26.
926 1946 1060 1996 amared.
1174 1945 1217 1996 ti.
1238 1943 1383 1993 nirhillh·
1475 1941 1518 1991 29.
1538 1949 1589 1992 ento

463 2010 608 2076 (comptam
621 2012 660 2061 ite·
671 2017 714 2061 eat
729 2006 804 2075 iente)
818 2012 852 2062 Α.
958 2013 1001 2062 30.
1022 2013 1137 2065 Seruius
1149 2013 1186 2064 ad
1198 2012 1226 2065 V
1224 2013 1303 2080 argit.
1317 2013 1384 2063 Aen.
1399 2007 1445 2060 llll
1459 2010 1519 2060 585.

462 2078 570 2128 titanum
586 2077 617 2143 G,
636 2080 777 2130 thithouum
791 2080 825 2130 H.

462 2307 518 2349 stus
538 2300 642 2366 eupillo,
661 2301 792 2352 contrariu
814 2303 898 2353 studio
921 2318 1005 2354 rerum
1047 2303 1116 2354 iuter
1128 2317 1155 2352 se
1168 2291 1299 2352 contraria
1310 2301 1424 2366 exempla
1437 2316 1534 2364 eornm,
1549 2302 1591 2367 qui

463 2369 636 2419 honestarum.
660 2369 798 2422 Lueretius
813 2371 897 2422 11482
916 2378 1006 2422 metae
1048 2371 1130 2436 putati
1149 2370 1238 2421 seliees
1258 2366 1339 2420 sunt'.
1359 2373 1457 2420 Aenon.
1486 2369 1592 2420 Scilicet

462 2439 601 2488 homanum
613 2453 884 2506 curaequamquam
897 2458 1006 2491 neema·
1048 2439 1124 2490 alteri
1143 2439 1186 2488 diu
1205 2440 1298 2489 durare
1320 2453 1465 2504 summaque
1486 2439 1592 2489 claritu-

463 2511 546 2556 taunt
567 2512 675 2559 sonitus
699 2525 840 2560 annorum
867 2526 915 2560 aaa
935 2511 1006 2575 sera
1049 2510 1108 2559 dine
1121 2523 1167 2558 sua
1182 2508 1230 2558 frui
1244 2523 1293 2557 nou
1307 2515 1512 2570 concessumst,
1525 2509 1592 2558 alter

462 2577 526 2639 teta,
538 2577 722 2644 audacterque
731 2583 804 2630 inter·
813 2594 890 2645 reges
901 2595 1006 2630 rerum·
1048 2577 1222 2642 longissimum
1242 2592 1332 2626 aeuum
1350 2577 1466 2642 peregit,
1488 2577 1533 2627 sed
1553 2579 1592 2627 iu-

463 2649 645 2710 quopotenta'e
657 2655 817 2698 uersentur.
1048 2647 1178 2696 commoda
1203 2645 1343 2695 senectutis
1367 2645 1392 2694 iu
1418 2645 1483 2696 diem
1510 2646 1591 2712 magis

515 2738 639 2793 23-24.
667 2746 744 2793 orior
763 2744 851 2793 aeonia
869 2769 903 2779 -
921 2757 1003 2791 euro:
1048 2722 1138 2767 mm·

462 2809 585 2859 uarietati
615 2812 760 2875 eonsuluit3
797 2818 857 2861 ante
885 2825 1005 2860 curarunt
1101 2809 1225 2859 31-32.
1257 2810 1511 2859 etmihi-hora:
1539 2809 1591 2859 t'or-

462 2877 624 2929 nelooitatem
650 2895 680 2929 eo
705 2880 820 2943 notauit,
844 2880 912 2945 quod
933 2894 1006 2929 asse-
1047 2885 1118 2928 tasse
1133 2894 1179 2941 ego
1199 2878 1246 2927 tihi
1266 2885 1395 2943 superstes
1415 2893 1475 2943 ero,
1495 2878 1527 2928 ab
1545 2880 1591 2928 hae

462 2954 575 3010 qnnntur
601 2948 740 2998 tutissimas
770 2964 867 3011 naues,
892 2949 1005 3012 equitum
1047 2946 1455 3013 partemagisquamtubeatns.

461 3021 575 3064 turmas:
596 3017 646 3065 iam
665 3024 845 3083 comparantur
862 3017 948 3066 cernis
961 3030 1006 3064 ue-

462 3082 560 3133 locibus
580 3086 800 3135 0i⁰11P⁰¹¹i¹¹¹b⁰⁵
819 3100 881 3150 Ι)ΜΘ
902 3100 930 3134 ⁸⁰
951 3084 1005 3149 Μ’
1048 3116 1207 3167 demonstrat
1228 3124 1255 3167 et
1278 3116 1393 3183 Grospho
1417 3125 1444 3167 et
1464 3118 1513 3168 sibi
1533 3134 1591 3183 pro-

462 3150 535 3199 ¹⁰⁰t¹‘
1047 3186 1103 3251 pria
1116 3185 1180 3235 bona
1195 3202 1263 3249 esse,
1277 3186 1316 3235 illi
1330 3186 1451 3250 diuitias,
1475 3187 1524 3236 sibi
1536 3203 1592 3237 ear-

513 3242 626 3292 25-27·
646 3242 734 3321 1⁰2³&st
745 3270 781 3278 ··
793 3246 869 3293 nau:
887 3260 1005 3309 timeres·
1047 3254 1140 3303 miuum
1156 3253 1315 3305 facultatem.
1330 3254 1440 3321 Vterque
1452 3256 1531 3319 igitur
1543 3272 1590 3305 nou

461 3326 505 3360 sus
524 3311 556 3360 ad
574 3318 730 3360 eontrarium
752 3312 875 3377 sapientis
896 3319 921 3361 et
943 3328 1005 3364 uere
1048 3323 1080 3372 ab
1093 3324 1160 3373 omni
1173 3331 1246 3389 parte
1260 3325 1351 3374 beatus
1363 3332 1412 3374 est.

461 3378 537 3427 otiosi
550 3380 661 3428 animum
680 3379 814 3430 describit.
836 3380 863 3430 lu
876 3396 906 3429 eo
919 3388 1006 3446 postu-

461 3447 548 3496 lantur
566 3448 632 3511 cluo,
651 3454 680 3496 ut
697 3449 876 3513 praesentibus
893 3450 1006 3500 laetetur

462 3530 568 3566 securus
583 3517 615 3567 ‹le
636 3516 747 3580 futuris,
766 3525 796 3567 nt
812 3533 899 3569 amaru
918 3526 1005 3569 eonta-

460 3586 569 3635 nunendo
581 3585 728 3635 tolerabilia
741 3586 841 3637 reddat.

513 3680 638 3729 26-27.
663 3694 761 3731 amara
781 3681 854 3732 lento
874 3687 1005 3747 temperet

460 3752 536 3799 risa:
556 3750 645 3799 tantm
663 3757 704 3800 est
720 3749 788 3799 risam
806 3751 850 3817 qui
864 3767 913 3801 uon
926 3750 1005 3801 saeile

461 3818 590 3903 euineitnr
600 3818 643 3868 uel
656 3818 778 3882 remittit,
798 3820 856 3904 hinq
870 3821 1007 3904 tranquil·

458 3887 521 4019 εἴη
539 3887 743 4021 ᾃῒὲῗγπιηῗοῗξ
753 3888 1004 4021 brffg'htsszm'aerigff
1046 3922 1057 3972 l
1070 3924 1118 3973 59:
1137 3922 1263 3972 Eliadum
1273 3919 1383 3984 palmas
1393 3919 1496 3985 Epiros
1510 3937 1592 3987 equa-

462 4022 517 4072 hel.
547 4024 558 4072 l
585 4026 618 4074 4:
650 4030 697 4088 ta,
728 4025 839 4091 Tityre,
864 4026 952 4076 hatur
976 4029 1004 4075 in
1047 4006 1119 4041 'um'
1315 4084 1320 4096 Ι

460 4093 567 4141 amhn-a.
932 4098 945 4123 ¹
1099 4081 1224 4131 35-37.
1248 4087 1275 4131 te
1292 4082 1333 4131 bea
1350 4082 1422 4148 Asro
1440 4109 1475 4118 —
1494 4081 1589 4133 lanua:

1046 4151 1155 4201 alterum
1180 4158 1355 4212 argumentum
1386 4150 1534 4201 diuitiarum
1558 4167 1591 4201 ex

461 4255 631 4304 necessarium
651 4256 760 4306 pithesse
773 4263 893 4320 recteque
906 4254 1019 4304 uiuenti·
1047 4219 1168 4284 pretiosis
1191 4220 1307 4270 uestibus
1330 4218 1439 4286 Grosphi
1465 4227 1590 4284 sumptum

460 4322 537 4372 etiam
557 4338 645 4373 amara
661 4325 728 4375 terre
742 4340 816 4391 posse
830 4332 856 4373 et
868 4324 937 4372 leuto
949 4323 1004 4372 risu
1047 4294 1097 4339 est·
1117 4287 1160 4337 Bis
1177 4287 1273 4370 tim?
1292 4305 1353 4339 ⁸⁰⁰⁰
1366 4304 1493 4369 purpum
1506 4296 1591 4339 πεῖθε

931 4381 938 4393 ·
1048 4354 1179 4423 (δίβαφα)
1199 4372 1281 4421 magns
1299 4365 1418 4409 naturam
1436 4359 1510 4408 hunus
1522 4358 1591 4407 eolo-

392 4431 399 4445 ’
460 4391 934 4525 hennentonamettae
1048 4424 1592 4559 thilltthlltttttthtthlh

512 4564 626 4615 29-30.
645 4562 1005 4613 abstulit-minuitaaua·
1049 4564 1085 4613 nii
1109 4562 1162 4614 ΝΗ.
1186 4564 1255 4616 Vllll
1280 4567 1314 4616 60
1339 4565 1397 4631 (36)
1419 4572 1446 4615 et
1467 4564 1499 4613 62
1521 4564 1589 4628 (38).

461 4636 537 4681 otas.-
549 4627 673 4682 ‘ostendit
683 4644 768 4680 rerum
779 4631 943 4682 humanarum
955 4631 1004 4681 duo
1049 4632 1123 4685 Coni.
1143 4633 1226 4701 Epod.
1250 4635 1280 4685 12
1299 4634 1348 4685 21:
1372 4634 1520 4685 muricibus
1540 4632 1591 4701 Tq-

1101 3049 1226 3099 33-40.
1259 3048 1333 3099 llisee
1358 3049 1456 3099 duabus
1480 3049 1591 3115 strophis

1100 3418 1225 3468 33-34.
1247 3422 1350 3468 ciream
1364 3420 1506 3483 mugiant:
1526 3433 1590 3467 naue

1048 3491 1075 3535 et
1093 3485 1224 3550 ingeniose
1246 3487 1344 3553 copiam
1367 3501 1503 3537 naeearnm
1525 3486 1592 3536 indi-

1047 3555 1127 3604 eauit.

1100 3650 1143 3698 35.
1171 3655 1236 3717 apta
1261 3648 1402 3714 quadrigis
1425 3664 1508 3711 equa:
1534 3665 1592 3713 pre-

1048 3718 1112 3767 tium
1133 3734 1213 3783 equae
1234 3724 1342 3780 augetur
1357 3731 1386 3764 eo
1400 3716 1465 3779 quod
1478 3722 1537 3778 apta
1552 3724 1593 3765 est

1048 3787 1180 3851 quadrigis
1200 3786 1273 3835 iestis
1292 3783 1381 3832 diebus
1398 3782 1439 3830 uel
1459 3782 1485 3830 iu
1508 3784 1592 3834 curuli

1047 3855 1186 3904 certamine
1199 3850 1367 3903 ostentandis.
1382 3848 1482 3911 Vergil.
1495 3850 1590 3918 Georg.

512 4186 643 4238 27-32.
674 4186 743 4238 Haeo
767 4188 905 4237 ostendunt
929 4201 1004 4250 quam
