3884 5525
969 645 1106 698 uouuru

683 826 730 895 tu,
750 820 868 881 trustra
885 819 968 894 olus,
988 818 1048 878 lreu
1065 831 1125 877 non
1143 816 1187 876 ito
1203 815 1354 876 creditum

683 931 787 1007 poscis
800 926 989 1010 Quintilium
1006 929 1090 1020 deos.

684 1083 757 1158 ootd
775 1083 802 1143 si
817 1079 964 1143 Threicio
980 1081 1123 1172 blandius
1140 1077 1264 1156 oroneo

684 1194 821 1254 auditam
837 1194 998 1255 moderere
1013 1192 1176 1253 arboribus
1191 1191 1304 1252 tidem?

683 1320 757 1366 num
774 1319 875 1365 uanae
890 1305 997 1365 redcat
1013 1304 1142 1377 sanguis
1158 1303 1299 1379 imagini,

684 1431 777 1492 quani
794 1416 883 1491 uirga
899 1414 996 1476 semel
1011 1414 1149 1490 horrida,

687 1583 748 1629 non
763 1568 843 1629 leuis
858 1569 1003 1644 nrcoious
1019 1569 1083 1630 tato
1099 1567 1271 1642 recludere,

686 1679 778 1755 nigro
793 1681 979 1756 compulerit
993 1677 1172 1741 Mercurius
1188 1677 1301 1755 gregi?

685 1791 814 1852 durum:
834 1792 889 1852 sed
904 1791 1006 1852 leuius
1023 1791 1057 1851 llt
1073 1790 1221 1866 patientia

477 1913 511 1963 no
686 1902 831 1976 quicquid
848 1902 1008 1977 corrigere
1023 1902 1072 1961 est
1087 1899 1185 1960 nolas.

548 2056 588 2105 11.
609 2055 664 2122 pios
679 2055 734 2106 GH.
844 2057 884 2106 13.
905 2054 972 2119 Quid
986 2055 1007 2104 si
1020 2055 1070 2105 AB
1082 2070 1145 2106 corr
1160 2054 1219 2105 Ga:
1240 2052 1335 2118 Quodsi
1353 2039 1390 2118 ror
1405 2049 1477 2110 aug.

392 2116 399 2122 ’
479 2124 521 2174 14.
540 2124 673 2175 moderare
687 2126 720 2175 A.
834 2126 877 2174 15.
897 2125 960 2175 Num
973 2123 1112 2174 Adduo.-
1136 2139 1185 2173 non
1206 2123 1292 2172 eodem
1305 2122 1433 2172 Martiali
1451 2118 1526 2186 apud
1539 2116 1607 2168 Cra-

477 2196 582 2257 qniam.
674 2193 714 2243 18.
734 2195 918 2259 conpuleritB.
1011 2193 1052 2242 19.
1072 2192 1264 2258 pacientiaBH.
1354 2189 1605 2240 19—20.u0ncun

477 2261 514 2309 cd
528 2260 633 2311 Terent.
647 2263 711 2311 Her.
724 2262 766 2312 ΙΙΙΙ
781 2264 796 2312 2
811 2263 852 2313 27.
899 2264 931 2312 In
948 2265 999 2312 doc
1011 2267 1131 2311 carratae
1143 2261 1269 2310 desinunt
1277 2259 1408 2324 pulchrae
1419 2262 1447 2308 ia
1461 2259 1606 2322 priacmiie

477 2345 604 2379 amenum
623 2331 735 2380 litterae
747 2332 844 2381 codicis
860 2331 896 2395 G,
914 2333 961 2380 sed
972 2347 1089 2380 uacuum
1101 2334 1223 2396 spatierm
1241 2331 1277 2378 eir
1293 2328 1421 2378 relictum.
1435 2333 1477 2377 est
1493 2329 1521 2376 im
1530 2329 1606 2392 pria·

478 2402 548 2464 cipio
560 2402 725 2462 carminum
737 2401 872 2451 interdum
884 2403 993 2466 primae
1005 2400 1116 2450 litterae
1128 2402 1248 2450 omnium
1261 2411 1389 2447 uersuum
1402 2399 1518 2447 amasae
1529 2397 1605 2444 suat.
1658 2427 1659 2430 =

532 2560 643 2610 1i—it.
659 2565 698 2624 ta,
706 2563 821 2626 srartra
832 2561 1021 2626 piar—deoc:
1065 2587 1095 2597 -
1106 2566 1264 2626 permutare
1274 2560 1342 2609 uelis
1352 2558 1607 2623 crineLicymniaet

478 2628 608 2694 Vergilius
627 2629 668 2695 pie
688 2630 771 2678 enimn
791 2632 898 2680 amicum
914 2630 953 2679 dis
965 2645 1022 2680 cre·
1110 2645 1197 2679 nanae
1208 2655 1242 2664 —
1254 2631 1384 2694 imagini:
1401 2627 1438 2677 sic
1451 2624 1554 2690 scripsit
1566 2637 1607 2672 re·

479 2699 588 2763 diderat,
603 2705 631 2748 ut
641 2697 765 2763 Quintilio
778 2701 958 2749 consulerent:
974 2699 1021 2748 loc
1064 2698 1173 2764 spiciens
1199 2697 1300 2746 Homeri
1324 2689 1429 2747 νεκύων
1454 2693 1556 2744 εἴδωλα
1580 2697 1606 2741 et

1072 2762 1079 2781 2

421 2814 423 2818 .
478 2770 517 2827 illi
528 2768 653 2829 lecerunt,
666 2769 891 2834 sedcontre'qunrn
902 2769 1022 2818 noluerat
1064 2761 1189 2885 Ἅενηνὰ
1208 2761 1322 2834 κάρηνα.
1339 2766 1391 2817 ut.
1414 2764 1520 2828 Vergilii
1539 2763 1604 2812 Aen.

478 2838 619 2900 Vergilius.
648 2837 732 2887 Verba
746 2838 863 2901 frustra
884 2841 951 2903 piae
973 2838 1022 2886 hoc
1112 2836 1170 2885 284:
1186 2840 1290 2886 comnia
1303 2852 1389 2895 unam·
1402 2836 1463 2884 ibid.
1478 2832 1528 2883 293
1540 2846 1577 2896 sq.

479 2903 1022 2971 naleut⁴postqnnmpiisprecibushostiis-
1119 2906 1159 2954 ld.
1191 2909 1273 2968 reirga
1291 2932 1324 2941 -
1342 2904 1472 2954 torrida:
1503 2900 1606 2951 horrida

478 2992 527 3041 que
552 2976 659 3024 ornicum
684 2975 723 3024 dis
747 2974 843 3025 frustra
864 2969 1018 3024 tradidisti'.
1064 2980 1188 3037 nocetur,
1219 2974 1284 3038 quod
1310 2974 1376 3039 opud
1401 2971 1498 3022 inferos
1522 2968 1606 3019 omnin

524 3059 577 3091 noa
590 3046 632 3091 ita
646 3044 796 3093 creditam:
817 3060 865 3092 non
884 3045 922 3092 ita
939 3042 1022 3092 credi·
1064 3042 1184 3104 horrent,
1206 3052 1357 3108 quemquem
1375 3040 1518 3093 Mercurius
1540 3038 1606 3087 lenis

478 3119 541 3172 tum,
556 3111 739 3159 attolleretur.
764 3110 946 3176 Aliisrmtra
966 3111 1022 3159 iun·
1065 3111 1194 3159 deusest.
1215 3109 1281 3161 cti
1299 3111 1392 3161 lois:
1413 3106 1605 3175 uirgaquele-
1660 3110 1663 3117 '

478 3194 539 3243 gere
552 3178 649 3226 malunt
661 3194 716 3227 cum
729 3180 826 3239 potres,
849 3186 875 3228 ct
887 3180 1020 3229 creditum
1064 3194 1122 3227 aem
1137 3194 1242 3228 coerces
1255 3196 1338 3230 aurea
1352 3182 1469 3229 turbam.
1489 3178 1526 3227 De
1539 3182 1606 3225 stru·

478 3246 607 3309 acciplunt
636 3246 769 3295 creditam
800 3248 932 3310 Vergilio.
971 3246 1021 3295 Sed
1065 3254 1136 3297 etnrn
1156 3259 1208 3297 noa
1228 3248 1294 3297 lenis
1312 3248 1447 3299 recludere
1464 3246 1500 3297 cl.
1516 3246 1548 3295 nd
1568 3244 1602 3293 lt

471 3317 588 3381 frastra
608 3314 706 3378 reposci
720 3312 871 3377 Quintilium
889 3322 965 3380 poeta
978 3316 1022 3365 de·
1066 3316 1107 3366 is.
1127 3314 1224 3365 Nomen
1236 3320 1361 3383 procidas
1379 3316 1472 3382 pendet
1484 3330 1515 3364 ex
1529 3316 1604 3364 leam·

477 3398 545 3434 mum
558 3382 582 3430 in
592 3383 717 3463 proximis
729 3380 802 3433 dicit.
1119 3384 1160 3435 18.
1180 3389 1259 3452 nigro
1278 3386 1441 3453 compulerit
1458 3412 1493 3421 -
1508 3385 1605 3449 gregi:

402 3453 410 3462 '
532 3450 608 3498 13-
619 3451 659 3500 18.
692 3450 808 3502 clausule
823 3452 881 3501 aori
903 3448 1019 3519 θρήνου.
1065 3453 1138 3517 niger
1154 3455 1294 3505 animarum
1314 3470 1376 3520 grex
1396 3462 1436 3504 esi
1453 3451 1606 3503 intenebris

478 3518 588 3569 Tectum
602 3518 691 3581 abest,
709 3527 737 3569 ut
753 3522 874 3585 querellis
887 3523 1020 3587 quicquain
1065 3521 1214 3573 interorum.
1235 3524 1342 3575 Deliuns
1359 3523 1463 3590 perinde
1484 3521 1540 3571 128
1555 3521 1604 3569 lde

478 3587 643 3653 prolicietur,
664 3595 692 3637 nt
716 3589 782 3639 alter
801 3590 916 3655 Orpheus
940 3591 1020 3640 uitnrn
1065 3596 1168 3642 iterum
1193 3593 1261 3643 oreo
1285 3594 1438 3643 demissum.
1476 3588 1607 3641 Audacior

478 3656 603 3723 Quintilio
616 3672 737 3723 reperere
752 3666 870 3725 nequeat.
1065 3668 1194 3711 structura
1215 3660 1297 3711 Serm.
1317 3661 1371 3711 ΙΙ’5
1385 3661 1435 3709 49:
1456 3662 1542 3722 eiqetc
1563 3672 1607 3706 cn-

533 3726 652 3775 13-14.
673 3727 739 3793 qrrid
751 3732 776 3777 si
788 3729 950 3793 -fiderat:
970 3746 1019 3779 non
1063 3746 1110 3779 sae
1129 3746 1245 3796 puerum
1267 3733 1352 3794 egerit
1372 3729 1447 3778 Oreo.
1480 3724 1542 3773 Nam
1565 3726 1606 3774 hic

478 3795 607 3844 concludit
620 3795 754 3859 rationem,
766 3797 810 3847 sed
825 3813 915 3847 nonum
929 3805 955 3847 et
966 3814 1021 3848 mu-
1063 3800 1195 3849 excusntio
1209 3798 1313 3846 uuerbe
1327 3794 1480 3860 composito,
1497 3799 1526 3841 ut
1539 3794 1606 3859 npud

478 3865 518 3913 ius
542 3863 639 3912 intulit.
672 3862 750 3914 Recte
775 3867 853 3930 igitur
877 3868 1020 3931 accepimus
1064 3865 1203 3931 Vergilium
1222 3864 1277 3914 nol.
1294 3864 1371 3912 230:
1388 3876 1498 3927 gregem
1520 3863 1607 3911 uiridi

478 3931 545 3997 quill
556 3935 587 3993 si,
604 3947 651 3981 non
665 3933 739 3998 quod
750 3938 784 3997 si,
798 3942 827 3984 nt
839 3936 864 3984 in
877 3935 951 3985 libris
963 3952 1020 4001 per·
1064 3935 1221 3999 compellere
1234 3935 1353 3993 didisco;
1373 3932 1436 3980 Aen.
1451 3928 1522 3979 Vllll
1537 3929 1602 3980 527:

478 4000 567 4065 paucis
579 4001 700 4065 scriptum
714 4010 763 4052 cst.
1063 4004 1141 4067 q'uem
1152 4005 1264 4067 qar'sque
1274 4004 1365 4049 uirum
1376 4000 1515 4049 demiserit
1525 4000 1603 4049 Orco.
1618 4019 1621 4024 ·

532 4068 573 4116 15.
587 4084 649 4117 nam
664 4085 751 4119 uanae
763 4071 933 4121 redeatsboe
947 4071 1018 4131 dicit,
1063 4070 1130 4121 ldem
1159 4068 1263 4118 liberius
1288 4069 1351 4119 Aen.
1377 4066 1446 4118 Vllll
1472 4068 1537 4118 785:
1563 4072 1605 4118 ia-

475 4131 507 4185 ‘si
522 4137 581 4185 dnos
595 4136 692 4187 inferos
705 4140 762 4206 lyra
776 4141 893 4199 flexeris,
914 4147 941 4189 ul
959 4140 1019 4189 olim
1063 4140 1274 4202 aeauacprimos
1289 4143 1332 4188 tot
1345 4142 1453 4187 rainerii
1466 4138 1543 4187 Oreo.

479 4205 552 4254 llexit
565 4204 689 4270 Orpheus,
708 4208 733 4256 hi
747 4209 809 4258 nillil
823 4209 871 4258 nisi
885 4208 1019 4271 imaginem
1116 4206 1156 4256 19.
1177 4206 1311 4269 leuiusfit
1323 4210 1469 4269 patientia.
1488 4206 1604 4256 Donatus
1636 4210 1641 4219 '

477 4288 586 4336 uanam,
606 4290 654 4323 non
674 4277 779 4327 solidam
799 4278 907 4342 speeiem
921 4283 948 4325 et
959 4292 1020 4324 san·
1063 4276 1087 4323 in
1099 4275 1151 4324 uite
1162 4273 1270 4337 Vergilii
1284 4291 1307 4326 c.
1318 4276 1363 4326 18:
1378 4277 1478 4325 colitur
1490 4280 1553 4325 eret
1565 4274 1605 4324 di·
1663 4292 1667 4301 ·

478 4342 554 4405 guine
584 4343 705 4407 repletam
736 4347 843 4394 reddere
879 4338 1017 4409 poterunt’.
1063 4359 1136 4406 cere,
1160 4344 1263 4393 arellam
1284 4349 1419 4395 uirtutem
1442 4344 1605 4394 commodio-

477 4409 588 4473 Vulgnte
607 4412 681 4461 huius
701 4413 754 4462 loc'r
770 4414 897 4477 scripturn
915 4428 966 4461 non
987 4438 1018 4447 —
1062 4426 1119 4461 rem
1132 4414 1236 4462 domiai
1251 4430 1307 4463 ecre
1323 4418 1476 4480 patientia,
1496 4428 1529 4463 ac
1546 4413 1605 4461 nul-

478 4480 573 4529 rcdeat
590 4496 622 4529 cx
642 4496 692 4529 nno
710 4488 737 4531 et
751 4482 819 4530 malo
836 4480 923 4530 codice
935 4480 1019 4530 adhuc
1064 4481 1120 4530 lam
1137 4482 1204 4531 adeo
1226 4498 1351 4549 asperam
1373 4500 1430 4532 cere
1442 4483 1603 4548 fortunam,

477 4556 615 4597 memorata
634 4555 690 4598 estc
710 4565 773 4598 narn
786 4549 849 4598 bene
862 4564 890 4597 se
903 4548 1017 4598 hebetia
1063 4566 1145 4614 qaam
1156 4551 1307 4616 prudenter
1316 4552 1447 4619 patiendo
1460 4550 1605 4615 uirsortir
1681 4550 1684 4557 '

477 4618 637 4679 intimatione,
657 4632 730 4679 quam
744 4617 831 4680 negari
843 4624 964 4682 expectat
977 4618 1019 4682 qul
1063 4635 1114 4669 non
1140 4623 1241 4671 uincet.
1276 4623 1361 4685 Quam
1388 4623 1551 4670 sententiam
1576 4622 1604 4667 in

477 4686 588 4747 quaerit.
613 4684 692 4733 Plane
707 4685 743 4734 sic
757 4683 778 4733 ll
794 4685 824 4733 12
838 4685 868 4735 21
882 4704 888 4734 z
908 4702 973 4736 nam
988 4692 1018 4737 ta
1063 4692 1157 4753 quinto
1177 4690 1309 4741 Aeneidos
1329 4692 1447 4741 inseruit
1469 4688 1507 4753 (u.
1523 4687 1602 4752 710)=

1730 3952 1741 4051 l
