3884 5525
903 683 910 695 ·
962 651 1101 706 lililld'l'll

979 963 1084 1026 XIIII.

680 1112 708 1179 0
726 1116 827 1192 nauis,
845 1115 984 1177 reserent
998 1115 1030 1174 iu
1046 1127 1131 1175 mane
1146 1116 1179 1173 te
1193 1113 1268 1174 noui

677 1225 810 1288 tinctus!
836 1225 944 1301 oqutd
960 1225 1051 1300 agis‘.t
1073 1224 1198 1286 sortiter
1213 1201 1331 1298 occupo

660 1340 813 1413 portum.
838 1350 941 1397 noune
956 1315 1046 1396 uides
1063 1339 1098 1396 ut

677 1447 795 1508 nudum
810 1447 941 1522 remigio
956 1445 1051 1520 latua,

537 1600 578 1651 nt
591 1616 643 1651 rem
656 1600 781 1666 publicam
797 1599 945 1651 tetracolos.
969 1595 1037 1648 Meti
1052 1596 1149 1647 duobus
1162 1595 1281 1660 uersibus
1294 1594 1490 1659 asclepiadeum,
1504 1591 1597 1642 tertius

470 1669 632 1732 icrecratius,
651 1677 760 1734 quartus
777 1668 910 1736 glyconius
923 1667 964 1732 qui
978 1667 1011 1716 tri
1031 1665 1088 1716 odia
1102 1665 1228 1732 dactylica
1241 1664 1293 1714 dut’
1307 1665 1340 1718 A.
1446 1660 1597 1711 Parnuetice

468 1738 608 1788 tetracolos
627 1738 775 1802 allegorice.
803 1737 880 1786 Bruto
901 1737 942 1785 uel
961 1735 994 1784 ad
1012 1683 1042 1786 b.
1059 1735 1087 1783 P.
1102 1735 1135 1784 B.
1241 1733 1268 1784 ln
1288 1747 1378 1782 nauem
1391 1730 1511 1781 debruto
1525 1744 1597 1793 repa-

468 1807 543 1858 rante
556 1807 649 1856 bellum
662 1806 739 1857 ciuile
752 1806 784 1854 ad
798 1821 850 1854 rem
862 1805 998 1870 publicam.
1031 1802 1181 1853 Paranetice
1194 1801 1332 1851 tetracolon
1344 1801 1378 1850 H.

539 1876 561 1923 1.
581 1875 724 1924 Diomedae
743 1873 776 1923 lll
795 1874 838 1922 35.
946 1872 1035 1921 1-2.
1056 1887 1070 1920 o
1090 1871 1164 1920 nauis
1182 1898 1218 1906 -
1236 1873 1326 1919 linctus
1345 1867 1492 1918 scholiasta
1510 1865 1599 1916 Statii

472 1942 552 1993 Tuon.
567 1941 576 1991 l
592 1943 650 1992 193.
756 1941 844 1992 1-3.
865 1957 880 1990 o
894 1940 1014 1991 nauis-
1031 1947 1130 2006 portum
1150 1939 1335 2004 Quintilianus
1348 1935 1406 1988 Vlll
1420 1936 1435 1985 6
1449 1937 1491 1986 44.

470 2012 495 2061 1.
515 2010 631 2061 referunt
644 2025 670 2071 ς.

521 2169 702 2221 Carmxllll.
729 2169 898 2220 Prooemium.
932 2171 1013 2221 Ona·
1056 2185 1104 2218 uon
1116 2167 1227 2233 spectari
1241 2166 1333 2232 partim
1345 2165 1520 2221 hincmarum,
1532 2161 1598 2227 quod

468 2264 527 2324 mg,
550 2276 616 2310 cm
632 2263 712 2311 ,mm-3
723 2261 859 2326 flam-pu,
877 2263 907 2310 gn
925 2261 1013 2310 aptum
1055 2237 1120 2287 illud
1142 2236 1234 2316 bellum
1256 2251 1305 2285 uon
1319 2250 1371 2315 pro
1393 2233 1466 2282 ciuili
1488 2233 1532 2314 sed
1552 2230 1597 2296 prb

1055 2313 1161 2356 externo
1183 2311 1300 2368 iustoque
1318 2319 1343 2352 rn
1363 2303 1426 2352 urbe
1445 2301 1559 2350 bubalum
1572 2306 1599 2349 et

467 2365 545 2400 ’ΜΝ
557 2349 667 2414 'ism’
688 2351 788 2400 ‘'rm“
800 2350 906 2400 'dum
917 2350 1012 2415 imm
1055 2375 1087 2425 ab
1108 2375 1162 2439 ipso
1181 2372 1288 2422 lloratio
1307 2371 1438 2421 laudatum
1457 2377 1510 2432 est3
1532 2367 1598 2417 idem

469 2454 537 2505 apua
550 2439 640 2488 estad
659 2438 814 2493 tolerandas
827 2443 1011 2503 tempestates.
1054 2443 1137 2508 liques
1160 2457 1193 2492 ex
1217 2442 1251 2491 iis
1276 2447 1342 2506 quw
1365 2440 1396 2489 „a
1415 2456 1441 2488 u,
1453 2439 1483 2487 17
1497 2436 1598 2486 'monim

470 2527 531 2580 Titi
549 2532 650 2594 portua
672 2527 798 2591 dabam,
824 2529 939 2579 uitanda
960 2531 1013 2580 pipp
1055 2519 1123 2562 suut.
1148 2509 1184 2560 Vt
1201 2510 1274 2560 nauis
1287 2509 1412 2572 allegoria
1426 2506 1531 2557 Flaccus
1542 2512 1598 2554 ute-

547 2616 787 2683 aaaron
800 2616 921 2682 <un
934 2618 978 2681 1⁹>
1056 2576 1505 2714 totinminuisset
1518 2574 1598 2708 ul:

519 2713 651 2777 Allcgoria
661 2729 722 2763 usus
735 2729 788 2765 rem
795 2713 931 2764 Romanam
944 2713 1012 2764 bello
1056 2719 1159 2769 bantur.

468 2784 542 2834 ciuili
553 2799 632 2848 nuper
641 2790 760 2833 uexatum
770 2792 795 2833 et
805 2784 831 2832 in
842 2798 907 2833 noua
917 2783 1012 2832 ciuium
1109 2786 1185 2837 1-2.
1199 2786 1364 2851 reserent-
1367 2784 1492 2849 fluctus:
1506 2782 1597 2831 dubios

468 2866 540 2902 arana
560 2860 655 2902 temere
680 2852 846 2901 inclinantem
866 2853 926 2902 naui
946 2868 1013 2901 com-
1055 2856 1154 2917 nauigii
1168 2862 1227 2904 ante
1245 2860 1344 2919 portum
1357 2852 1502 2901 fluctuantis
1515 2857 1597 2899 molus

467 2921 570 2986 parauit
592 2928 650 2986 post
674 2922 765 2970 demna
790 2922 863 2970 nouis
887 2922 1011 2969 undarum
1054 2924 1212 2988 prospiciens
1244 2921 1448 2985 indignabundus
1472 2919 1548 2968 simul
1572 2924 1598 2967 et

468 2990 574 3039 iniuriis
595 2990 688 3054 inpari.
704 2997 708 3003 '
724 2988 899 3052 Quintilianus
918 2988 973 3037 Vlll
994 2990 1009 3038 6
1054 2992 1221 3041 mirabundus
1234 2991 1374 3039 exclamat:
1396 2992 1511 3051 annuis,
1526 2988 1598 3051 refe-

466 3058 515 3106 44:
530 3064 561 3106 at
573 3050 723 3125 ἀλληγορία
736 3073 818 3120 quam
831 3061 1011 3107 inunctionem
1054 3064 1183 3108 rent-tc
1191 3062 1258 3108 noui
1259 3060 1385 3124 fluetus!
1402 3058 1506 3120 Signum
1517 3056 1597 3105 inter·

468 3129 697 3190 interpretantur,
718 3124 794 3173 aliud
805 3126 913 3186 uerbis,
933 3124 1012 3174 alind
1054 3127 1197 3189 rogationis
1217 3134 1257 3175 cst
1276 3126 1301 3175 in
1316 3126 1438 3176 Beruensi
1459 3124 1595 3187 alteralbl

466 3209 545 3241 rcaru
565 3192 702 3253 ostendit,
724 3196 806 3241 ctiam
824 3197 931 3241 interim
949 3209 1010 3242 con·
1054 3202 1080 3244 et
1105 3196 1170 3244 libro
1191 3194 1343 3257 Turicensig
1370 3195 1450 3245 iuturi
1475 3192 1597 3259 temporis

468 3264 598 3311 tranium
623 3260 705 3309 Prius
718 3264 765 3308 nt:
782 3254 809 3308 ‘o
822 3263 916 3322 nauta,
937 3261 1010 3323 resa·
1055 3262 1135 3312 iorma
1152 3264 1227 3313 unico
1246 3264 1367 3315 conuenit
1385 3264 1444 3315 huic
1462 3276 1597 3312 asseuera-

467 3333 528 3379 rcnt
539 3332 567 3376 a'n
579 3344 655 3377 marc
667 3332 694 3376 tc
706 3328 901 3392 nouijluctur!
917 3344 932 3377 o
945 3328 1012 3393 quid
1053 3332 1134 3394 tioni,
1156 3348 1204 3391 non
1217 3333 1356 3397 afferunt,
1377 3340 1406 3383 ut
1418 3340 1459 3383 est
1477 3332 1502 3381 in
1523 3330 1597 3379 libris

388 3453 392 3463 ¹
467 3396 679 3460 agirtsoattter
692 3412 792 3461 occupa
807 3391 946 3461 portam'5
970 3402 1011 3447 tn·
1055 3400 1184 3450 nonnullis
1208 3402 1382 3467 interpolatis.
1459 3404 1524 3449 nonai
1539 3400 1597 3465 slu-

468 3470 565 3529 tuaque
576 3464 621 3513 illa
631 3465 740 3515 Horatii
750 3465 833 3527 locus,
848 3481 900 3530 quo
913 3481 1010 3515 nauem
1055 3475 1130 3519 ctus:
1156 3473 1222 3521 naui
1240 3478 1297 3537 post
1317 3487 1361 3521 eos
1380 3485 1443 3535 quos
1462 3469 1512 3518 iam
1531 3458 1596 3517 tole-

464 3548 516 3599 pro
530 3532 694 3598 republica,
708 3534 848 3600 flnctuum
863 3539 1011 3600 tempesta·
1055 3539 1130 3589 rasti.

469 3607 510 3651 tes
520 3617 572 3667 pro
586 3602 660 3651 bellis
673 3603 814 3664 ciuilibus,
833 3608 949 3667 portam·
957 3620 1010 3668 pro
1106 3608 1132 3658 2.
1152 3624 1167 3658 o
1181 3608 1247 3673 quid
1259 3612 1353 3673 agirt:
1374 3614 1414 3656 cst
1426 3604 1594 3667 iuterrogatio

464 3685 534 3736 paca
546 3675 629 3735 atquc
639 3671 784 3720 concordia
797 3671 873 3720 dicit.
894 3671 1011 3721 Pertinet
1053 3690 1205 3742 magnopere
1241 3676 1406 3741 improbantis
1436 3674 1500 3737 quod
1536 3672 1620 3721 lieri.

467 3754 569 3788 carmon
579 3739 610 3788 ad
625 3746 730 3804 paratus
741 3739 802 3789 belli
814 3748 865 3789 tum
876 3740 1010 3790 aCaesarc
1053 3746 1135 3794 uidet.
1204 3746 1325 3810 fortiter
1346 3756 1446 3805 occupa
1465 3744 1594 3803 portum:

469 3806 628 3868 Octauiano,
654 3814 706 3856 tum
731 3808 762 3857 ab
788 3806 873 3857 Marco
898 3809 1009 3858 Antonio
1055 3812 1117 3862 forti
1136 3813 1223 3863 labore
1242 3817 1370 3875 opuscul,
1385 3816 1413 3857 ut
1432 3806 1549 3855 lluctibus
1567 3806 1593 3855 iu

468 3875 597 3940 Sextoque
617 3875 735 3941 Pompeio
760 3892 915 3941 perannum
936 3878 1010 3926 urbis
1053 3896 1123 3930 unare
1149 3880 1291 3929 serentibus
1316 3877 1470 3937 obsistatur,
1505 3882 1594 3939 portus

468 3945 518 3993 716
537 3952 564 3997 ct
582 3926 684 3994 iuifium
703 3946 762 3994 anni
776 3945 824 3993 717
839 3953 957 4009 coeptos,
979 3946 1009 3995 de
1054 3957 1200 4011 occupetur.
1473 3968 1476 3977 ·

468 4013 560 4077 quibus
584 4013 684 4062 dicetur
707 4013 738 4062 ud
759 4013 864 4062 Serml
887 4016 913 4063 5.
942 4012 1008 4063 Noui
1104 4016 1192 4063 3-9.
1218 4028 1304 4062 uariae
1322 4010 1594 4075 uides—aequant:

467 4081 529 4133 belli
541 4088 623 4129 metus
637 4080 889 4131 loedere'l'areutiuo
903 4080 1010 4144 (ci.'l'a-
1052 4083 1138 4132 clades
1157 4082 1194 4131 rei
1213 4080 1330 4145 publicae
1348 4079 1413 4144 apud
1426 4077 1550 4129 Mutinam
1569 4087 1595 4129 et

467 4150 514 4205 citi
532 4149 623 4199 Ann.l
645 4149 686 4207 11))
711 4150 812 4214 paulum
837 4151 925 4199 dimoti
951 4156 1010 4197 suut
1052 4150 1200 4213 sanguinem
1218 4148 1312 4197 ciuium
1333 4148 1360 4197 in
1383 4148 1479 4213 campis
1497 4147 1595 4213 Pbilip-

468 4233 534 4272 anuo
547 4218 608 4268 717.
628 4217 694 4268 Ante
709 4220 756 4267 boc
771 4218 873 4280 foedus,
897 4218 1008 4267 fortasse
1051 4218 1172 4283 peusibus
1186 4224 1211 4266 et
1225 4216 1291 4265 bello
1300 4216 1421 4266 Perusino
1432 4216 1538 4267 effusum
1548 4216 1594 4266 sub

468 4287 494 4340 in
525 4287 619 4338 itinere
643 4286 813 4349 Brundisino,
850 4287 915 4349 quod
947 4284 1010 4333 iecit
1052 4286 1163 4348 imagine
1189 4284 1262 4334 nauis
1288 4284 1339 4333 iam
1364 4284 1447 4336 fessae
1472 4293 1498 4335 et
1520 4285 1594 4335 uario

467 4370 550 4404 comes
575 4352 731 4407 Maecenatis
757 4356 789 4404 ad
813 4353 949 4402 Antonium
978 4352 1009 4400 dc
1052 4368 1189 4403 concussae
1203 4355 1370 4403 demonstrat.

467 4438 528 4494 pace
552 4423 639 4485 missi,
667 4430 712 4475 aut
736 4423 761 4474 in
786 4422 892 4471 ciuitate
911 4418 1010 4469 Taren·
1094 4421 1594 4487 -3—6.nannauider,at—gemant.·

467 4493 522 4543 tina
547 4492 593 4541 boc
616 4506 704 4556 poema
724 4490 845 4542 Horatius
869 4488 1010 4553 composuit
1053 4490 1144 4540 triain
1159 4490 1219 4539 naui
1238 4490 1595 4540 necessariamaucaesscet

467 4576 533 4610 anno
548 4560 596 4607 717
615 4559 658 4608 uel
678 4564 738 4607 ante
752 4557 812 4606 Cbr.
827 4557 870 4618 37,
892 4556 1010 4606 saluber·
1052 4559 1148 4609 uitiosa
1167 4560 1256 4621 docet,
1277 4559 1344 4609 latus
1363 4557 1471 4620 remigio
1491 4554 1592 4619 nudum,

468 4628 531 4676 rimo
539 4626 650 4676 'consilio
659 4626 774 4690 utrisque
787 4624 903 4689 partibus
916 4625 1009 4673 bellum
1054 4628 1079 4677 b.
1094 4644 1118 4677 o.
1138 4628 1278 4691 remigibus
1296 4641 1387 4690 magua
1408 4641 1439 4676 ex
1457 4633 1529 4691 parte
1550 4642 1594 4674 nu-

467 4696 643 4748 dissuasurus.
668 4692 766 4745 Actiaci
788 4692 849 4745 beili
870 4700 1009 4763 apparatus
1053 4696 1154 4761 datum,
1173 4698 1265 4748 malum
1278 4696 1358 4747 celeri
1372 4694 1462 4746 Africo
1476 4692 1593 4755 fractum,
