3884 5525
966 580 1105 632 llllllA'l'll

682 754 847 827 riuomqne
862 752 968 813 sessus
984 752 1109 827 quaerit
1123 755 1156 812 et
1170 752 1289 813 horridi

683 864 807 949 dumeta
823 858 956 939 Siluani,
975 866 1123 938 caretque
1166 918 1170 924 .

682 974 751 1049 ripa
766 974 857 1049 uagis
872 974 1031 1035 taciturna
1045 975 1161 1035 nentis.

684 1131 721 1188 tu
736 1127 894 1187 ciuitatem
911 1112 982 1202 quis
999 1126 1107 1189 deceat
1122 1131 1225 1189 status

685 1252 790 1313 curas,
809 1240 841 1297 et
855 1238 924 1298 urlri
942 1238 1097 1301 sollicitus
1113 1240 1206 1300 times

685 1348 758 1425 quid
776 1345 870 1411 Seres
885 1352 917 1410 et
932 1352 1065 1424 regnata
1081 1343 1169 1425 Cyro

685 1455 800 1541 Bactra
815 1462 926 1534 parent
941 1456 1121 1535 Tanaisque
1136 1458 1268 1519 discors.

686 1612 822 1689 prudens
839 1612 938 1673 iuturi
953 1612 1104 1687 temporis
1118 1612 1238 1673 exitam

687 1724 860 1799 caliginosa
875 1726 966 1785 nocte
981 1724 1096 1799 premit
1110 1723 1199 1798 deus,

688 1834 831 1909 ridetque
847 1834 874 1894 si
890 1834 1034 1895 mortalis
1049 1834 1134 1895 ultra

688 1944 737 2005 ias
753 1944 897 2019 trepidat.
931 1944 1014 2019 quod
1029 1944 1119 2005 adest
1133 1946 1289 2006 memento

689 2110 874 2171 componere
889 2110 1027 2171 aequus=
1046 2102 1151 2159 cetera
1165 2095 1302 2158 huminis

392 2302 394 2309 ,
547 2250 591 2300 23.
611 2249 644 2299 sil
662 2250 723 2299 nani
735 2251 769 2301 A.
886 2250 928 2299 27.
948 2250 1003 2301 ciro
1023 2266 1087 2302 corr
1100 2250 1131 2302 d.
1245 2248 1289 2299 28.
1309 2256 1450 2315 tanaysqne
1463 2248 1495 2297 Β.

481 2318 523 2369 30.
543 2318 668 2383 caligines
681 2318 714 2369 ad
728 2320 761 2369 A.
870 2319 913 2369 33.
933 2334 1013 2387 equus
1026 2321 1060 2371 H.

480 2492 567 2541 calore
591 2490 654 2541 solis
680 2491 763 2543 lessus
787 2498 813 2541 et
842 2506 905 2557 grex
935 2491 1024 2541 eodem
1066 2491 1142 2542 simul
1161 2490 1277 2541 externis
1293 2488 1361 2538 curis
1373 2487 1513 2538 exerceris.
1532 2485 1614 2537 Vrhis

481 2560 630 2625 languidas
649 2574 766 2611 recreare
787 2576 814 2611 se
834 2560 1025 2611 uoluntnmhra
1066 2575 1129 2610 cura
1154 2558 1327 2609 Maecenatem
1358 2555 1461 2623 propias
1488 2557 1612 2620 angebat,

481 2630 599 2681 arborum
620 2631 645 2679 in
668 2631 722 2697 ripa
745 2629 815 2681 danii
838 2630 978 2695 positarum
999 2635 1026 2679 et
1067 2628 1134 2694 quad
1154 2628 1213 2677 huia
1236 2626 1398 2692 praepositas
1422 2631 1488 2675 arat.
1518 2624 1614 2675 Verbis

481 2698 839 2765 aquapraeterlloentisrini.
977 2716 983 2727 ·
1015 2716 1018 2721 ·
1068 2702 1147 2747 times
1170 2696 1209 2759 (h.
1234 2711 1258 2747 e.
1284 2710 1340 2745 curn
1364 2695 1457 2744 timore
1476 2694 1614 2758 expectas)

533 2767 656 2820 22-23.
676 2768 787 2819 horridi
798 2767 909 2818 dumeta
923 2767 1026 2830 (Darn-
1067 2767 1135 2834 quid
1146 2765 1224 2816 Seras
1234 2793 1271 2802 —
1285 2764 1438 2828 Tanaisque
1457 2763 1561 2814 &aare
1575 2765 1615 2816 le-

482 2835 591 2900 hechas)
613 2837 737 2888 Siluani:
759 2837 860 2886 dumeta
881 2835 944 2886 dicit
964 2835 1026 2885 den·
1067 2837 1135 2888 niter
1149 2835 1298 2884 admonetur
1310 2831 1462 2895 Maecenas,
1478 2847 1554 2883 curas
1566 2848 1616 2884 ex·

481 2904 581 2958 sissima
606 2905 728 2956 siluarum
753 2905 826 2963 loca,
851 2904 895 2954 uhi
916 2903 1026 2969 plurima
1067 2913 1156 2955 ternas
1175 2919 1224 2952 non
1243 2901 1372 2968 pertinere
1391 2902 1423 2952 ad
1443 2915 1499 2952 eum
1511 2902 1554 2966 pul
1567 2919 1615 2954 eu·

482 2974 581 3024 umbra.
604 2973 629 3024 ln
651 2975 732 3024 dumis
749 2974 808 3038 qnia
822 2973 942 3022 Siluanus
956 2979 1026 3022 amat
1067 2987 1122 3023 ram
1135 2971 1207 3021 urhis
1220 2978 1246 3021 et
1258 2970 1348 3021 ltaliae
1361 2971 1497 3020 sustineat.

482 3057 550 3103 ease,
565 3043 692 3092 horridas
706 3043 768 3091 deus
781 3048 830 3092 est.
1119 3039 1243 3089 27-28.
1262 3044 1379 3104 regnato
1398 3040 1468 3104 Cyro
1486 3038 1613 3090 Baetra.-

533 3109 646 3160 23-24.
661 3112 930 3174 curatque—uentis
943 3109 1025 3172 (auch
1067 3124 1132 3158 none
1152 3106 1304 3158 Parthorum
1328 3107 1461 3173 imperinm
1484 3107 1615 3170 signitica-

482 3177 607 3226 eathehrt
623 3179 799 3240 schweigsam
818 3176 867 3228 der
888 3175 1026 3241 Uferraad
1067 3176 1122 3226 uita
1150 3191 1206 3226 nam
1232 3175 1336 3226 Parthis
1359 3176 1457 3226 ueteris
1480 3177 1614 3227 Bactriani

481 3247 570 3294 seiam
587 3245 755 3308 streisenden
771 3244 898 3305 Weiss:
919 3245 961 3308 qui
981 3259 1026 3310 per
1068 3245 1141 3307 regni
1154 3243 1301 3309 prouinciae
1315 3245 1451 3295 nonnullae
1465 3245 1597 3310 parabant.

482 3311 685 3362 intermissiones
710 3314 772 3362 llere
797 3312 881 3362 solent
904 3313 974 3362 uenti
999 3315 1025 3363 ln
1119 3313 1162 3365 28.
1181 3312 1334 3378 Tanaisque
1346 3314 1466 3364 dsaors:
1480 3315 1616 3366 discordes

483 3381 538 3444 ripa
550 3383 616 3442 riui,
628 3396 693 3430 nunc
704 3387 801 3444 tacent,
812 3395 892 3446 eoque
901 3381 957 3446 ipsa
970 3383 1026 3447 ripa
1067 3382 1204 3432 aduersum
1226 3381 1334 3432 Parthos
1355 3383 1483 3448 Scythae,
1505 3398 1615 3447 quornm

482 3447 609 3500 taciturna
623 3455 672 3498 est.
770 3481 776 3493 ι
1068 3451 1165 3502 auxilio
1177 3450 1304 3502 Prahates
1320 3451 1346 3500 in
1359 3467 1462 3515 regnum
1475 3453 1616 3503 restitutus

534 3517 646 3567 25-26.
665 3523 694 3568 tu
708 3519 844 3568 ciuitatem
860 3521 920 3584 quis
933 3517 1027 3568 deceat
1067 3527 1124 3584 est,
1143 3520 1215 3585 palso
1229 3519 1369 3582 Teridate3
1388 3520 1421 3570 cl.
1442 3528 1529 3570 annot.
1549 3520 1614 3570 adl

481 3591 574 3638 status
594 3602 690 3642 carus:
716 3594 744 3636 tu
764 3602 840 3637 ouras
858 3602 908 3652 qua
927 3586 1026 3652 imperil
1071 3589 1112 3653 19,
1127 3589 1161 3640 lll
1175 3590 1200 3639 8.
1216 3589 1326 3656 Scythae
1339 3589 1386 3638 hoc
1399 3605 1519 3640 successu
1532 3589 1615 3640 illecti

484 3655 564 3705 forma
583 3654 654 3705 ciues
672 3671 731 3706 mon
749 3655 854 3720 regendi
867 3656 929 3706 sint.
951 3655 1027 3706 Scili-
1063 3657 1101 3708 'ne
1122 3673 1209 3723 pacem
1229 3657 1399 3708 Romanorum
1419 3665 1446 3707 et
1464 3658 1615 3723 prouincias

460 3731 524 3775 ·ect
546 3723 704 3775 Octauianus
728 3725 874 3791 propediem
897 3725 1027 3775 rediturus
1069 3727 1214 3787 turbarent,
1228 3725 1363 3776 Maecenas
1376 3725 1493 3776 timehat.

481 3801 540 3844 erat
559 3801 586 3844 et
604 3800 664 3843 tunc
678 3809 769 3844 nouum
782 3794 899 3844 inchoari
912 3793 1026 3845 ciuitatis
1121 3795 1250 3846 29-32.
1278 3794 1399 3858 praedans
1418 3819 1452 3828 —
1473 3795 1613 3856 trepidat:

482 3869 576 3912 statum
595 3879 643 3914 uon
664 3863 720 3913 sine
740 3863 914 3914 sollicitudine
927 3861 1027 3914 Maece-
1069 3863 1132 3914 haec
1140 3860 1461 3926 respondentpriorihustu
1469 3863 1612 3914 ciuitatem

454 3994 458 3998 .
483 3946 529 3980 uas
547 3931 722 3995 praesidebat.
745 3931 796 3981 llas
816 3930 1026 3982 enrasDioCas·
1069 3935 1129 3998 puis
1142 3933 1336 3982 decantaretur
1355 3943 1452 3991 curam·
1471 3929 1519 3980 hoc
1538 3932 1611 3995 dicit,

481 4000 536 4049 sius
549 3999 575 4049 in
593 3999 670 4062 longa
689 4001 821 4063 oratione,
839 4015 913 4065 quam
926 3997 1027 4049 Maece·
1068 3999 1153 4050 lutura
1165 3997 1271 4063 tempori
1284 4003 1310 4046 te
1323 3997 1374 4046 iam
1387 4011 1453 4047 nnnc
1466 4000 1612 4064 prospicere

483 4067 537 4118 nati
557 4067 691 4132 ascripsit,
713 4069 861 4133 complexus
879 4075 920 4120 est
933 4067 979 4117 Lll
994 4068 1025 4117 14
1069 4083 1099 4118 ac
1111 4066 1206 4116 mederi
1219 4080 1302 4130 posse,
1316 4065 1341 4114 id
1355 4081 1418 4115 cane
1432 4082 1531 4133 speres.

483 4135 559 4197 -40,
574 4135 1026 4200 ethissimilescagitationesetiam
1120 4134 1244 4185 tat-30.
1271 4135 1533 4196 prodeas—deas:
1553 4135 1613 4187 Pin-

482 4219 538 4253 eum
552 4203 656 4253 Horatio
676 4205 774 4256 anricus
794 4205 861 4256 haud
880 4203 1027 4253 dubiosae·
1069 4205 1146 4256 durna
1168 4200 1249 4253 otii
1269 4203 1301 4252 9:
1328 4204 1385 4254 sois
1405 4202 1437 4255 dt
1453 4199 1613 4274 μελλόντων

403 4303 408 4316 ι
483 4273 539 4338 pius
552 4273 767 4336 communicarat,
791 4280 925 4336 antequam
939 4273 1027 4335 Augu·
1069 4266 1262 4338 τετύφλωνται
1274 4270 1393 4341 φραδαί.

482 4349 536 4392 stus
556 4355 587 4392 ax
606 4339 721 4408 Aegypto
740 4349 766 4392 et
785 4340 848 4392 Asin
865 4340 953 4390 rediit.
985 4340 1024 4389 ad
1120 4340 1163 4390 31.
1187 4340 1328 4406 ridetque:
1346 4341 1414 4394 ridet
1425 4343 1611 4409 propterlaho·

481 4409 553 4459 urhis
567 4417 593 4459 et
606 4409 697 4460 ltaliae
710 4423 812 4472 euram,
833 4422 898 4472 quae
911 4407 1025 4473 proxime
1069 4424 1121 4460 rem
1136 4407 1233 4460 frustra
1246 4409 1410 4477 insumptum.

483 4478 651 4542 significatur,
668 4479 732 4528 haec
745 4476 797 4526 noli
811 4475 920 4534 referre,
1121 4477 1244 4529 31-32.
1263 4480 1338 4531 ultra
1350 4481 1418 4545 saa:
1438 4481 1507 4530 ultra
1524 4481 1610 4532 termi-

534 4545 646 4596 26-28.
660 4547 721 4596 arrha*
728 4545 863 4596 sollicitas
874 4548 951 4598 times
961 4545 1027 4612 qaid
1070 4562 1116 4600 nos
1128 4563 1144 4598 a
1156 4547 1264 4598 caelesti
1277 4549 1378 4600 numine
1389 4549 1495 4615 positos.

482 4639 516 4650 -
530 4620 650 4678 parent.-
670 4614 728 4664 dnm
748 4612 805 4664 urhi
825 4614 917 4666 annius
936 4630 1023 4679 cauea,
1121 4617 1251 4670 32-33.
1283 4618 1357 4683 qaod
1379 4617 1458 4670 adeat
1479 4622 1609 4670 maseato
