3884 5525
955 585 1092 639 unaanu

668 751 1019 829 tinguetpauimentum
1037 761 1182 836 superbo,

667 863 849 936 pontiacum
864 867 985 942 potiore
1001 869 1097 930 cenis.

983 1265 1052 1328 XV.

708 1431 774 1495 lam
789 1449 888 1510 pauca
903 1443 1008 1502 aratro
1024 1441 1133 1518 iugera
1149 1447 1255 1521 regiae
1287 1515 1288 1518 Ἴ

707 1545 804 1608 moles
821 1547 1009 1628 relinquent,
1028 1555 1164 1630 nullique
1179 1557 1275 1617 latius

630 1634 632 1637 ’
708 1659 835 1717 extenta
852 1659 998 1722 ulseutur
1012 1659 1151 1726 Lucrino

709 1769 823 1842 stagna
838 1768 920 1846 lacu,
938 1772 1145 1850 platanusque
1161 1779 1283 1838 caelebs

523 1953 566 2002 27.
585 1951 695 2016 Tinguet
707 1952 781 2002 BGH
791 1954 949 2007 Blandinr’i:
968 1961 1129 2030 liugetAgg.

1218 1966 1276 2016 28.
1297 1966 1397 2032 pociora
1408 1967 1440 2018 B.
1513 1967 1583 2017 cenis

455 2021 711 2086 Agt-cacnisBGH.

524 2158 703 2208 Praecedente‘
711 2163 895 2225 continuotA,
910 2166 976 2213 item
985 2166 1131 2236 qundt'nil.
1186 2169 1238 2220 Hac
1248 2173 1279 2222 de
1292 2173 1418 2238 presentis
1428 2173 1497 2224 uitae
1510 2173 1584 2224 luxu-

457 2226 495 2275 ria
508 2226 570 2276 dicit
582 2228 614 2276 B.
700 2227 738 2278 De
750 2230 864 2294 presenti
877 2231 979 2283 luxuria
993 2238 1142 2302 templorum
1156 2239 1218 2290 dicit
1230 2242 1262 2290 H.
1302 2241 1398 2291 Omisit
1411 2243 1563 2292 Diomedes.

796 2299 821 2348 4.
843 2299 923 2350 Sinna
933 2303 964 2351 B.
1037 2306 1167 2373 plaunnqq,
1180 2311 1214 2359 A.
1286 2311 1371 2360 celebs
1384 2311 1439 2374 GH,
1454 2311 1540 2376 celeps
1551 2327 1581 2376 g.

522 2295 548 2344 2.
568 2295 648 2345 lacius
658 2297 690 2345 H.

453 2487 660 2552 suitsuperbum
674 2493 996 2558 merumetprofusionem
1093 2505 1197 2554 1-10.
1222 2504 1384 2555 Praesentem
1405 2507 1429 2554 in
1449 2505 1520 2555 uillis
1538 2521 1582 2570 po·

452 2570 528 2606 carae
550 2559 641 2607 mercis
662 2558 687 2607 iu
709 2561 855 2623 pauimento
877 2565 995 2630 triclinii,
1040 2573 1130 2622 pendis
1159 2573 1286 2623 luxuriam
1317 2575 1354 2624 ita
1384 2575 1524 2640 improbat,
1554 2581 1582 2624 ut

452 2625 479 2673 in
492 2641 540 2690 quo
553 2633 643 2690 potant
655 2626 737 2690 ebriiq
757 2645 805 2678 non
824 2631 921 2683 minore
938 2651 995 2685 curn
1039 2641 1117 2690 multo
1131 2641 1318 2692 effrenatiorem
1331 2658 1421 2705 magno
1431 2643 1524 2692 ciuium
1538 2643 1582 2692 de-

453 2700 509 2742 arte
539 2695 604 2744 banc
633 2695 804 2761 profusionem
830 2699 915 2750 iunxit
940 2718 996 2752 cum
1040 2709 1158 2758 trimento
1181 2726 1238 2761 mox
1259 2719 1406 2777 erupturam
1427 2727 1483 2762 esse
1507 2727 1582 2779 prae·
1614 2747 1617 2752 ·

452 2771 553 2812 centum
566 2765 697 2828 clunibus,
720 2766 811 2831 quibus
828 2784 923 2821 auarus
935 2772 997 2836 uina
1040 2780 1148 2829 nuntiet.

454 2832 578 2881 sefflflfllt·
1094 2865 1169 2915 1-2.
1191 2870 1245 2915 inm
1259 2882 1397 2931 pauco-
1410 2866 1579 2931 relinquent:

505 2934 547 2985 28,
575 2937 738 2998 pompfieum
763 2943 875 3003 potiore
906 2944 994 2991 emp,-
1038 2932 1082 2980 ubi
1101 2934 1161 2981 olim
1174 2942 1287 2984 aratrum
1302 2936 1443 2985 ducebatur
1455 2943 1482 2985 et
1495 2936 1580 2999 fruges

451 3002 555 3051 breuius
574 3004 669 3053 (fictum
689 3021 734 3068 pro
751 3001 828 3071 ‘quod
846 3017 887 3059 est
905 3010 996 3059 melius
1040 3000 1198 3066 GOIGhflntUP,
1213 3019 1271 3053 mox
1284 3004 1383 3079 lssfiiliili
1394 3004 1512 3054 uillarum
1524 3010 1581 3070 spa·

452 3084 526 3133 quam
551 3072 617 3135 quod
644 3072 734 3121 bibunt
763 3076 914 3140 pontifices,
939 3092 996 3127 cum
1039 3068 1076 3118 iifl
1091 3068 1187 3130 (Tacit
1202 3072 1269 3122 ᾹΙΠΙ·
1285 3072 1318 3121 ΙΙΙ
1333 3074 1365 3123 53
1384 3082 1410 3123 et
1423 3072 1472 3136 ⁴55)
1493 3089 1580 3137 sebum

451 3133 514 3185 liunt
536 3138 614 3202 dapes
636 3136 770 3203 publicae’,
792 3143 823 3191 dc
844 3146 934 3209 quibus
958 3146 993 3195 ef,
1038 3152 1107 3188 more
1121 3146 1217 3189 structa
1231 3156 1305 3205 agros
1319 3141 1486 3209 occupabunt.

451 3203 579 3253 Martialis
596 3204 645 3255 xll
658 3206 691 3255 48
713 3208 761 3272 12,
782 3208 928 3263 Macrobius
948 3214 996 3263 Sa-

450 3279 519 3321 turn.
535 3271 557 3321 ll
571 3273 597 3321 9.

502 3440 587 3491 Carm.
602 3441 660 3493 XV.
680 3443 848 3500 Prooemium.
867 3450 935 3501 Mon·
950 3469 994 3503 rc-

448 3534 513 3595 giae
533 3534 617 3583 moles
639 3550 737 3599 ugrum
756 3544 869 3603 aratro,
891 3547 992 3608 stagna

447 3626 544 3685 pecori
554 3639 661 3689 cumpca
674 3627 837 3693 subducent,
850 3631 993 3695 platanus-

450 3726 500 3776 que
513 3713 616 3762 caelebs
629 3714 725 3779 ulmos,
744 3719 834 3768 uiolas
845 3725 873 3770 cl
884 3729 993 3790 myrtus

450 3800 537 3849 cliuus
555 3804 760 3857 submonebant.
779 3807 839 3859 Non
858 3814 897 3859 aa
912 3828 994 3876 prue-

359 3904 362 3910 ·
448 3893 637 3955 scriptumest
648 3910 665 3944 a
678 3899 844 3947 maioribus:
859 3904 992 3965 priuatus

447 3973 504 4027 illis
529 3996 622 4031 consus
645 3984 734 4034 breuis
754 3992 832 4051 erut,
850 3991 992 4053 publicum

448 4083 587 4133 magnum.
603 4070 722 4134 (Metram
735 4074 878 4142 Alcaicmu)

1090 3232 1168 3282 2-4.
1188 3234 1271 3285 lolt'us
1283 3263 1318 3273 —
1328 3237 1404 3285 lacu:
1419 3252 1464 3302 pro
1477 3238 1579 3302 pascuis

1037 3301 1167 3366 pratisque
1181 3304 1263 3369 ampla
1282 3312 1373 3368 stagna
1393 3306 1448 3355 siue
1467 3307 1578 3372 piscinas

1037 3369 1192 3421 uidebimus.
1222 3374 1290 3424 llaec
1312 3374 1375 3425 bene
1400 3382 1580 3439 comparantur

1037 3454 1093 3487 cum
1111 3439 1168 3489 lacu
1187 3440 1297 3491 Lucrino
1317 3443 1382 3509 apud
1403 3443 1495 3506 Baias:
1522 3459 1578 3493 nam

1036 3506 1091 3571 ipse
1117 3516 1143 3557 et
1172 3512 1299 3575 spatiosus
1330 3519 1387 3564 erat
1417 3512 1578 3577 etpiscibus

1036 3575 1197 3644 abundabat,
1218 3596 1322 3645 quorum
1341 3595 1419 3630 causa
1431 3587 1523 3645 stagna
1535 3596 1579 3646 pa·

1036 3645 1168 3697 rabuntur.

1070 3740 1159 3789 4-5.
1177 3742 1362 3805 platanusque
1381 3740 1482 3789 caelebs
1501 3744 1579 3789 errin-

1037 3814 1080 3857 cet
1103 3810 1209 3858 ulmos:
1239 3824 1283 3873 pro
1309 3807 1401 3855 uinetis
1426 3806 1577 3870 platanones

1035 3890 1092 3925 mox
1107 3876 1290 3941 spectabimus3
1309 3875 1393 3923 ulmus
1412 3875 1488 3923 arbor
1504 3877 1577 3927 utilis

1036 3959 1150 4008 quaeque
1163 3944 1259 3993 uitibns
1279 3942 1433 4006 maritatur,
1454 3947 1578 3996 concedet

1034 4012 1154 4075 platano,
1176 4026 1240 4075 quae
1256 4010 1371 4075 quamuis
1384 4012 1482 4062 sterilis
1496 4013 1576 4064 forma

1034 4095 1080 4128 sua
1104 4086 1130 4128 et
1153 4078 1243 4127 umbra
1264 4080 1452 4130 commendatur
1473 4091 1576 4133 nostrae

1034 4148 1122 4196 aetati.
1142 4147 1178 4195 De
1191 4148 1257 4195 ulmo
1270 4148 1303 4197 ei.
1316 4148 1373 4213 Epl.
1390 4150 1397 4198 Ι
1415 4152 1445 4200 16
1459 4152 1575 4214 3,.etiam

497 4205 991 4262 AedificaudiluxusaiinebelliActia-
1033 4214 1040 4263 1
1064 4216 1077 4262 7
1098 4215 1139 4264 84.
1167 4214 1265 4265 Plinius
1285 4215 1345 4267 XVl
1364 4218 1481 4284 29(lt):
1503 4224 1577 4270 inter

448 4272 481 4336 ci,
495 4288 551 4322 cum
564 4277 672 4341 Aegypti
686 4294 746 4342 opes
759 4279 885 4343 Asiaeqne
904 4280 929 4327 iu
946 4297 990 4329 ur·
1033 4283 1081 4331 lens
1090 4285 1333 4351 utquefiugp'fcrus
1344 4292 1585 4338 motericultc'um-·

447 4340 502 4390 bem
522 4345 693 4408 confluerent,
714 4347 806 4411 erupit.
833 4347 921 4409 ltaque
941 4348 988 4398 boc
1032 4366 1082 4414 que
1095 4355 1216 4401 amicitia
1231 4356 1476 4419 accipiturulrnus.
1498 4354 1576 4420 Quin-

445 4425 550 4474 poemu,
572 4427 620 4475 quo
640 4428 762 4462 summum
778 4414 849 4463 illius
868 4414 988 4467 luxuriae
1031 4418 1136 4469 tilianus
1158 4418 1216 4471 Vlll
1239 4422 1253 4472 3
1276 4424 1305 4473 8:
1333 4440 1368 4473 on
1391 4440 1438 4489 ego
1453 4425 1574 4489 fundum

447 4477 578 4542 fastigium
601 4482 761 4542 exagitatur,
786 4490 831 4531 aut
850 4497 916 4532 anno
937 4486 993 4547 730Ι
1031 4489 1176 4539 stultiorem
1186 4497 1298 4555 putem,
1320 4496 1348 4541 in
1367 4495 1574 4557 quomlbique's
1652 4548 1656 4554 ,
1745 4482 1746 4501 i

446 4546 482 4609 (a.
498 4546 559 4596 Cbr.
573 4548 618 4609 24)
638 4555 685 4596 aut
695 4549 818 4611 proximis
831 4554 987 4617 temporibus
1031 4558 1185 4609 ostenderit
1203 4561 1265 4610 lilla
1285 4567 1314 4611 et
1325 4560 1415 4612 uiolas
1428 4568 1456 4612 et
1468 4566 1575 4613 onemo·

445 4614 577 4677 assignare
590 4611 704 4664 licuerit·
1030 4638 1100 4689 nns‚'
1115 4628 1212 4693 sontes
1237 4635 1392 4695 surgentes,
1421 4645 1504 4697 quum
1528 4632 1576 4682 ubi
