<?xml version="1.0" encoding="UTF-8"?>
<!DOCTYPE html PUBLIC "-//W3C//DTD XHTML 1.0 Transitional//EN"
    "http://www.w3.org/TR/xhtml1/DTD/xhtml1-transitional.dtd">
<html xmlns="http://www.w3.org/1999/xhtml" xml:lang="en" lang="en">
 <head>
  <title>
</title>
<meta http-equiv="Content-Type" content="text/html;charset=utf-8" />
  <meta name='ocr-system' content='tesseract 3.04.00' />
  <meta name='ocr-capabilities' content='ocr_page ocr_carea ocr_par ocr_line ocrx_word'/>
</head>
<body>
  <div class='ocr_page' id='page_1' title='image "./horatiicarminae00rittgoog/horatiicarminae00rittgoog_0248.png"; bbox 0 0 3884 5525; ppageno 0'>
   <div class='ocr_carea' id='block_1_1' title="bbox 965 623 1103 689">
    <p class='ocr_par' dir='ltr' id='par_1_1' title="bbox 965 623 1103 689">
     <span class='ocr_line' id='line_1_1' title="bbox 965 623 1103 689; baseline 0.007 -15"><span class='ocrx_word' id='word_1_1' title='bbox 965 623 1103 689; x_wconf 77' lang='lat' dir='ltr'>nonanti</span> 
     </span>
    </p>
   </div>
   <div class='ocr_carea' id='block_1_2' title="bbox 722 795 1193 982">
    <p class='ocr_par' dir='ltr' id='par_1_2' title="bbox 722 795 1193 982">
     <span class='ocr_line' id='line_1_2' title="bbox 722 795 1130 870; baseline -0.005 -14"><span class='ocrx_word' id='word_1_2' title='bbox 722 797 838 856; x_wconf 85' lang='lat' dir='ltr'>metata</span> <span class='ocrx_word' id='word_1_3' title='bbox 853 795 987 870; x_wconf 87' lang='lat' dir='ltr'>priuatis</span> <span class='ocrx_word' id='word_1_4' title='bbox 1003 807 1130 870; x_wconf 88' lang='lat' dir='ltr'>opacam</span> 
     </span>
     <span class='ocr_line' id='line_1_3' title="bbox 722 905 1193 982; baseline -0.004 -16"><span class='ocrx_word' id='word_1_5' title='bbox 722 906 861 982; x_wconf 84' lang='lat' dir='ltr'>porticus</span> <span class='ocrx_word' id='word_1_6' title='bbox 875 905 1051 980; x_wconf 79' lang='lat' dir='ltr'>excipiebat</span> <span class='ocrx_word' id='word_1_7' title='bbox 1065 908 1193 982; x_wconf 79' lang='lat' dir='ltr'>areton3</span> 
     </span>
    </p>
   </div>
   <div class='ocr_carea' id='block_1_3' title="bbox 471 1057 1289 1466">
    <p class='ocr_par' dir='ltr' id='par_1_3' title="bbox 471 1057 1289 1466">
     <span class='ocr_line' id='line_1_4' title="bbox 725 1057 1289 1134; baseline 0 -16"><span class='ocrx_word' id='word_1_8' title='bbox 725 1072 782 1119; x_wconf 86' lang='lat' dir='ltr'>nee</span> <span class='ocrx_word' id='word_1_9' title='bbox 798 1057 960 1119; x_wconf 83' lang='lat' dir='ltr'>fortuitum</span> <span class='ocrx_word' id='word_1_10' title='bbox 977 1073 1125 1134; x_wconf 90' lang='lat' dir='ltr'>spernere</span> <span class='ocrx_word' id='word_1_11' title='bbox 1141 1057 1289 1134; x_wconf 76' lang='lat' dir='ltr'>cespitem</span> 
     </span>
     <span class='ocr_line' id='line_1_5' title="bbox 633 1168 1249 1246; baseline -0.003 -16"><span class='ocrx_word' id='word_1_12' title='bbox 633 1174 637 1189; x_wconf 84' lang='lat'><em>¹</em></span> <span class='ocrx_word' id='word_1_13' title='bbox 724 1168 810 1245; x_wconf 79' lang='lat' dir='ltr'>leges</span> <span class='ocrx_word' id='word_1_14' title='bbox 825 1169 980 1246; x_wconf 81' lang='lat' dir='ltr'>sinebant,</span> <span class='ocrx_word' id='word_1_15' title='bbox 999 1169 1109 1244; x_wconf 88' lang='lat' dir='ltr'>oppita</span> <span class='ocrx_word' id='word_1_16' title='bbox 1126 1169 1249 1244; x_wconf 80' lang='lat' dir='ltr'>publico</span> 
     </span>
     <span class='ocr_line' id='line_1_6' title="bbox 723 1280 1201 1355; baseline -0.002 -14"><span class='ocrx_word' id='word_1_17' title='bbox 723 1284 850 1355; x_wconf 87' lang='lat' dir='ltr'>sumptu</span> <span class='ocrx_word' id='word_1_18' title='bbox 867 1280 1010 1341; x_wconf 84' lang='lat' dir='ltr'>intentes</span> <span class='ocrx_word' id='word_1_19' title='bbox 1025 1284 1058 1340; x_wconf 93' lang='lat' dir='ltr'>et</span> <span class='ocrx_word' id='word_1_20' title='bbox 1073 1281 1201 1340; x_wconf 75' lang='lat' dir='ltr'>eteorum</span> 
     </span>
     <span class='ocr_line' id='line_1_7' title="bbox 471 1386 1205 1466; baseline -0.003 -14"><span class='ocrx_word' id='word_1_21' title='bbox 471 1403 505 1452; x_wconf 81' lang='lat'>20</span> <span class='ocrx_word' id='word_1_22' title='bbox 722 1390 837 1466; x_wconf 86' lang='lat' dir='ltr'>templa</span> <span class='ocrx_word' id='word_1_23' title='bbox 852 1386 934 1452; x_wconf 87' lang='lat' dir='ltr'>nouo</span> <span class='ocrx_word' id='word_1_24' title='bbox 950 1390 1099 1452; x_wconf 81' lang='lat' dir='ltr'>decorare</span> <span class='ocrx_word' id='word_1_25' title='bbox 1115 1405 1205 1451; x_wconf 81' lang='lat' dir='ltr'>saxo.</span> 
     </span>
    </p>
   </div>
   <div class='ocr_carea' id='block_1_4' title="bbox 471 1575 1598 1780">
    <p class='ocr_par' dir='ltr' id='par_1_4' title="bbox 471 1575 1598 1780">
     <span class='ocr_line' id='line_1_8' title="bbox 543 1575 1598 1642; baseline -0.001 -15"><span class='ocrx_word' id='word_1_26' title='bbox 543 1579 584 1628; x_wconf 85' lang='grc'>16.</span> <span class='ocrx_word' id='word_1_27' title='bbox 611 1583 683 1627; x_wconf 88' lang='lat' dir='ltr'>erton</span> <span class='ocrx_word' id='word_1_28' title='bbox 705 1577 735 1628; x_wconf 92' lang='lat' dir='ltr'>G.</span> <span class='ocrx_word' id='word_1_29' title='bbox 856 1577 977 1627; x_wconf 83' lang='lat'>17-18.</span> <span class='ocrx_word' id='word_1_30' title='bbox 1005 1595 1051 1628; x_wconf 89' lang='lat' dir='ltr'>neo</span> <span class='ocrx_word' id='word_1_31' title='bbox 1070 1605 1102 1616; x_wconf 88' lang='lat'>-</span> <span class='ocrx_word' id='word_1_32' title='bbox 1122 1578 1242 1628; x_wconf 84' lang='lat' dir='ltr'>sinebant</span> <span class='ocrx_word' id='word_1_33' title='bbox 1261 1577 1375 1628; x_wconf 77' lang='lat' dir='ltr'>Seruios</span> <span class='ocrx_word' id='word_1_34' title='bbox 1393 1575 1429 1626; x_wconf 84' lang='lat' dir='ltr'>ad</span> <span class='ocrx_word' id='word_1_35' title='bbox 1446 1575 1550 1642; x_wconf 79' lang='lat' dir='ltr'>Vergil.</span> <span class='ocrx_word' id='word_1_36' title='bbox 1566 1575 1598 1626; x_wconf 95' lang='lat' dir='ltr'>Vl</span> 
     </span>
     <span class='ocr_line' id='line_1_9' title="bbox 473 1645 1598 1711; baseline -0.003 -14"><span class='ocrx_word' id='word_1_37' title='bbox 473 1648 532 1697; x_wconf 82' lang='lat'><strong>179.</strong></span> <span class='ocrx_word' id='word_1_38' title='bbox 651 1647 693 1696; x_wconf 85' lang='lat' dir='ltr'>lt.</span> <span class='ocrx_word' id='word_1_39' title='bbox 719 1647 838 1710; x_wconf 79' lang='lat' dir='ltr'>cespitem</span> <span class='ocrx_word' id='word_1_40' title='bbox 857 1645 945 1710; x_wconf 83' lang='lat' dir='ltr'><strong><em>BGH,</em></strong></span> <span class='ocrx_word' id='word_1_41' title='bbox 971 1661 1025 1696; x_wconf 81' lang='lat' dir='ltr'>non</span> <span class='ocrx_word' id='word_1_42' title='bbox 1045 1663 1130 1711; x_wconf 88' lang='lat' dir='ltr'>eaesp.</span> <span class='ocrx_word' id='word_1_43' title='bbox 1245 1645 1286 1696; x_wconf 82' lang='lat' dir='ltr'>te.</span> <span class='ocrx_word' id='word_1_44' title='bbox 1313 1661 1372 1710; x_wconf 81' lang='lat' dir='ltr'>eges</span> <span class='ocrx_word' id='word_1_45' title='bbox 1392 1649 1493 1696; x_wconf 76' lang='lat' dir='ltr'>omissa</span> <span class='ocrx_word' id='word_1_46' title='bbox 1506 1649 1598 1710; x_wconf 82' lang='lat' dir='ltr'>prima</span> 
     </span>
     <span class='ocr_line' id='line_1_10' title="bbox 471 1713 803 1780; baseline -0.009 -14"><span class='ocrx_word' id='word_1_47' title='bbox 471 1717 565 1766; x_wconf 83' lang='lat' dir='ltr'>littera</span> <span class='ocrx_word' id='word_1_48' title='bbox 580 1713 611 1765; x_wconf 85' lang='lat' dir='ltr'>G.</span> <span class='ocrx_word' id='word_1_49' title='bbox 683 1715 759 1780; x_wconf 82' lang='lat' dir='ltr'>opida</span> <span class='ocrx_word' id='word_1_50' title='bbox 773 1714 803 1764; x_wconf 87' lang='lat' dir='ltr'>G.</span> 
     </span>
    </p>
   </div>
   <div class='ocr_carea' id='block_1_5' title="bbox 459 1916 1601 3013">
    <p class='ocr_par' dir='ltr' id='par_1_5' title="bbox 471 1916 1600 2191">
     <span class='ocr_line' id='line_1_11' title="bbox 471 1916 1599 1985; baseline -0.001 -16"><span class='ocrx_word' id='word_1_51' title='bbox 471 1927 572 1983; x_wconf 86' lang='lat' dir='ltr'>monet;</span> <span class='ocrx_word' id='word_1_52' title='bbox 591 1919 625 1969; x_wconf 88' lang='lat' dir='ltr'>ei.</span> <span class='ocrx_word' id='word_1_53' title='bbox 646 1918 727 1985; x_wconf 79' lang='lat' dir='ltr'>Serra.</span> <span class='ocrx_word' id='word_1_54' title='bbox 752 1917 774 1967; x_wconf 92' lang='lat' dir='ltr'>il</span> <span class='ocrx_word' id='word_1_55' title='bbox 794 1920 809 1968; x_wconf 82' lang='lat'><strong>2</strong></span> <span class='ocrx_word' id='word_1_56' title='bbox 832 1919 891 1969; x_wconf 83' lang='lat' dir='ltr'>itt.</span> <span class='ocrx_word' id='word_1_57' title='bbox 917 1916 952 1968; x_wconf 87' lang='lat' dir='ltr'>Vt</span> <span class='ocrx_word' id='word_1_58' title='bbox 968 1919 1016 1969; x_wconf 82' lang='lat' dir='ltr'>de·</span> <span class='ocrx_word' id='word_1_59' title='bbox 1057 1919 1162 1983; x_wconf 84' lang='lat' dir='ltr'>belant,</span> <span class='ocrx_word' id='word_1_60' title='bbox 1177 1925 1280 1970; x_wconf 84' lang='lat' dir='ltr'>ueteres</span> <span class='ocrx_word' id='word_1_61' title='bbox 1294 1918 1332 1968; x_wconf 87' lang='lat' dir='ltr'>illi</span> <span class='ocrx_word' id='word_1_62' title='bbox 1345 1919 1371 1967; x_wconf 93' lang='lat' dir='ltr'>in</span> <span class='ocrx_word' id='word_1_63' title='bbox 1385 1918 1490 1969; x_wconf 80' lang='lat' dir='ltr'>fortuito</span> <span class='ocrx_word' id='word_1_64' title='bbox 1503 1919 1599 1984; x_wconf 80' lang='lat' dir='ltr'>cespite</span> 
     </span>
     <span class='ocr_line' id='line_1_12' title="bbox 472 1986 1600 2054; baseline -0.002 -16"><span class='ocrx_word' id='word_1_65' title='bbox 472 1988 596 2054; x_wconf 84' lang='lat' dir='ltr'>oempedn</span> <span class='ocrx_word' id='word_1_66' title='bbox 618 1986 790 2044; x_wconf 78' lang='lat' dir='ltr'>nominatione</span> <span class='ocrx_word' id='word_1_67' title='bbox 810 2002 843 2037; x_wconf 87' lang='lat' dir='ltr'>ex</span> <span class='ocrx_word' id='word_1_68' title='bbox 866 1987 1014 2037; x_wconf 80' lang='lat' dir='ltr'>aecusatiuo</span> <span class='ocrx_word' id='word_1_69' title='bbox 1056 1988 1190 2052; x_wconf 82' lang='lat' dir='ltr'>iacebant,</span> <span class='ocrx_word' id='word_1_70' title='bbox 1217 1988 1279 2038; x_wconf 90' lang='lat' dir='ltr'>solis</span> <span class='ocrx_word' id='word_1_71' title='bbox 1303 1987 1413 2038; x_wconf 82' lang='lat' dir='ltr'>calorem</span> <span class='ocrx_word' id='word_1_72' title='bbox 1438 1987 1539 2038; x_wconf 90' lang='lat' dir='ltr'>minime</span> <span class='ocrx_word' id='word_1_73' title='bbox 1561 1987 1600 2036; x_wconf 90' lang='lat' dir='ltr'>ui-</span> 
     </span>
     <span class='ocr_line' id='line_1_13' title="bbox 471 2055 1599 2128; baseline -0.001 -21"><span class='ocrx_word' id='word_1_74' title='bbox 471 2056 569 2107; x_wconf 88' lang='lat' dir='ltr'>Graeeo</span> <span class='ocrx_word' id='word_1_75' title='bbox 584 2056 708 2105; x_wconf 83' lang='lat' dir='ltr'>formatus</span> <span class='ocrx_word' id='word_1_76' title='bbox 726 2063 781 2119; x_wconf 88' lang='lat' dir='ltr'>est,</span> <span class='ocrx_word' id='word_1_77' title='bbox 800 2055 838 2105; x_wconf 87' lang='lat' dir='ltr'>sie</span> <span class='ocrx_word' id='word_1_78' title='bbox 855 2056 934 2117; x_wconf 79' lang='lat' dir='ltr'>etiam</span> <span class='ocrx_word' id='word_1_79' title='bbox 952 2071 1015 2106; x_wconf 84' lang='lat' dir='ltr'>oro-</span> <span class='ocrx_word' id='word_1_80' title='bbox 1056 2064 1157 2120; x_wconf 80' lang='lat' dir='ltr'>tantes3</span> <span class='ocrx_word' id='word_1_81' title='bbox 1175 2059 1335 2122; x_wconf 78' lang='lat' dir='ltr'>fortuitos,</span> <span class='ocrx_word' id='word_1_82' title='bbox 1359 2057 1401 2128; x_wconf 81' lang='lat' dir='ltr'>qni</span> <span class='ocrx_word' id='word_1_83' title='bbox 1426 2056 1518 2122; x_wconf 89' lang='lat' dir='ltr'>ubique</span> <span class='ocrx_word' id='word_1_84' title='bbox 1542 2071 1599 2106; x_wconf 89' lang='lat' dir='ltr'>sese</span> 
     </span>
     <span class='ocr_line' id='line_1_14' title="bbox 473 2125 1599 2191; baseline -0.001 -15"><span class='ocrx_word' id='word_1_85' title='bbox 473 2131 543 2188; x_wconf 85' lang='lat' dir='ltr'>tera,</span> <span class='ocrx_word' id='word_1_86' title='bbox 557 2127 679 2175; x_wconf 80' lang='lat' dir='ltr'>Ancona.</span> <span class='ocrx_word' id='word_1_87' title='bbox 1057 2125 1131 2174; x_wconf 83' lang='lat' dir='ltr'>offert</span> <span class='ocrx_word' id='word_1_88' title='bbox 1144 2125 1199 2176; x_wconf 91' lang='lat' dir='ltr'>sine</span> <span class='ocrx_word' id='word_1_89' title='bbox 1212 2132 1311 2191; x_wconf 82' lang='lat' dir='ltr'>sumptu</span> <span class='ocrx_word' id='word_1_90' title='bbox 1323 2131 1349 2174; x_wconf 88' lang='lat' dir='ltr'>et</span> <span class='ocrx_word' id='word_1_91' title='bbox 1357 2125 1445 2175; x_wconf 83' lang='lat' dir='ltr'>labore</span> <span class='ocrx_word' id='word_1_92' title='bbox 1457 2125 1519 2188; x_wconf 81' lang='lat' dir='ltr'>(der</span> <span class='ocrx_word' id='word_1_93' title='bbox 1529 2130 1599 2175; x_wconf 79' lang='lat' dir='ltr'>erote</span> 
     </span>
    </p>

    <p class='ocr_par' dir='ltr' id='par_1_6' title="bbox 470 2192 1601 2809">
     <span class='ocr_line' id='line_1_15' title="bbox 524 2192 1601 2259; baseline 0.002 -17"><span class='ocrx_word' id='word_1_94' title='bbox 524 2193 646 2243; x_wconf 85' lang='lat'><strong>15-16.</strong></span> <span class='ocrx_word' id='word_1_95' title='bbox 666 2199 953 2256; x_wconf 74' lang='lat' dir='ltr'>opacam-areton:</span> <span class='ocrx_word' id='word_1_96' title='bbox 974 2201 1015 2245; x_wconf 88' lang='lat' dir='ltr'>est</span> <span class='ocrx_word' id='word_1_97' title='bbox 1058 2195 1150 2257; x_wconf 77' lang='lat' dir='ltr'>besto).</span> <span class='ocrx_word' id='word_1_98' title='bbox 1177 2192 1247 2258; x_wconf 75' lang='lat' dir='ltr'>Quae</span> <span class='ocrx_word' id='word_1_99' title='bbox 1265 2201 1406 2259; x_wconf 87' lang='lat' dir='ltr'>sequuntur</span> <span class='ocrx_word' id='word_1_100' title='bbox 1418 2194 1448 2244; x_wconf 87' lang='lat' dir='ltr'>de</span> <span class='ocrx_word' id='word_1_101' title='bbox 1462 2194 1560 2259; x_wconf 84' lang='lat' dir='ltr'>oppidis</span> <span class='ocrx_word' id='word_1_102' title='bbox 1574 2200 1601 2244; x_wconf 83' lang='lat' dir='ltr'>et</span> 
     </span>
     <span class='ocr_line' id='line_1_16' title="bbox 471 2261 1599 2328; baseline 0.002 -18"><span class='ocrx_word' id='word_1_103' title='bbox 471 2262 583 2328; x_wconf 79' lang='lat' dir='ltr'>porticus</span> <span class='ocrx_word' id='word_1_104' title='bbox 595 2263 626 2310; x_wconf 86' lang='lat' dir='ltr'>ad</span> <span class='ocrx_word' id='word_1_105' title='bbox 645 2261 841 2326; x_wconf 81' lang='lat' dir='ltr'>septentrionem</span> <span class='ocrx_word' id='word_1_106' title='bbox 856 2270 975 2328; x_wconf 83' lang='lat' dir='ltr'>spectans</span> <span class='ocrx_word' id='word_1_107' title='bbox 988 2270 1015 2313; x_wconf 87' lang='lat' dir='ltr'>et</span> <span class='ocrx_word' id='word_1_108' title='bbox 1056 2263 1175 2328; x_wconf 86' lang='lat' dir='ltr'>templis,</span> <span class='ocrx_word' id='word_1_109' title='bbox 1194 2264 1257 2312; x_wconf 81' lang='lat' dir='ltr'>haee</span> <span class='ocrx_word' id='word_1_110' title='bbox 1276 2263 1307 2312; x_wconf 91' lang='lat' dir='ltr'>de</span> <span class='ocrx_word' id='word_1_111' title='bbox 1326 2263 1479 2328; x_wconf 83' lang='lat' dir='ltr'>pauimentis</span> <span class='ocrx_word' id='word_1_112' title='bbox 1499 2263 1599 2312; x_wconf 89' lang='lat' dir='ltr'>uiarum</span> 
     </span>
     <span class='ocr_line' id='line_1_17' title="bbox 471 2330 1600 2396; baseline 0.001 -16"><span class='ocrx_word' id='word_1_113' title='bbox 471 2346 486 2380; x_wconf 92' lang='lat' dir='ltr'>a</span> <span class='ocrx_word' id='word_1_114' title='bbox 511 2331 565 2380; x_wconf 89' lang='lat' dir='ltr'>sole</span> <span class='ocrx_word' id='word_1_115' title='bbox 590 2345 683 2379; x_wconf 88' lang='lat' dir='ltr'>auersa</span> <span class='ocrx_word' id='word_1_116' title='bbox 707 2330 738 2379; x_wconf 85' lang='lat' dir='ltr'>nd</span> <span class='ocrx_word' id='word_1_117' title='bbox 766 2330 884 2380; x_wconf 87' lang='lat' dir='ltr'>uitandos</span> <span class='ocrx_word' id='word_1_118' title='bbox 914 2339 1012 2381; x_wconf 88' lang='lat' dir='ltr'>aestus.</span> <span class='ocrx_word' id='word_1_119' title='bbox 1057 2338 1083 2380; x_wconf 90' lang='lat' dir='ltr'>et</span> <span class='ocrx_word' id='word_1_120' title='bbox 1096 2346 1225 2381; x_wconf 81' lang='lat' dir='ltr'>sacrarum</span> <span class='ocrx_word' id='word_1_121' title='bbox 1238 2331 1338 2380; x_wconf 84' lang='lat' dir='ltr'>aedium</span> <span class='ocrx_word' id='word_1_122' title='bbox 1353 2331 1475 2396; x_wconf 82' lang='lat' dir='ltr'>capienda</span> <span class='ocrx_word' id='word_1_123' title='bbox 1488 2337 1557 2394; x_wconf 85' lang='lat' dir='ltr'>sunt,</span> <span class='ocrx_word' id='word_1_124' title='bbox 1571 2340 1600 2381; x_wconf 86' lang='lat' dir='ltr'>ut</span> 
     </span>
     <span class='ocr_line' id='line_1_18' title="bbox 471 2398 1599 2464; baseline 0.002 -16"><span class='ocrx_word' id='word_1_125' title='bbox 471 2398 591 2448; x_wconf 89' lang='lat' dir='ltr'>Sidonius</span> <span class='ocrx_word' id='word_1_126' title='bbox 602 2398 759 2464; x_wconf 78' lang='lat' dir='ltr'>Apollinaris</span> <span class='ocrx_word' id='word_1_127' title='bbox 769 2398 801 2447; x_wconf 82' lang='lat'>22</span> <span class='ocrx_word' id='word_1_128' title='bbox 815 2399 876 2449; x_wconf 80' lang='lat'>179:</span> <span class='ocrx_word' id='word_1_129' title='bbox 889 2405 1014 2462; x_wconf 77' lang='lat' dir='ltr'>porticos</span> <span class='ocrx_word' id='word_1_130' title='bbox 1057 2399 1284 2450; x_wconf 86' lang='lat' dir='ltr'>ostendunt-uerba</span> <span class='ocrx_word' id='word_1_131' title='bbox 1297 2414 1367 2449; x_wconf 83' lang='lat' dir='ltr'>nouo</span> <span class='ocrx_word' id='word_1_132' title='bbox 1381 2400 1502 2450; x_wconf 80' lang='lat' dir='ltr'>decorare</span> <span class='ocrx_word' id='word_1_133' title='bbox 1513 2415 1599 2450; x_wconf 73' lang='lat' dir='ltr'>soree.-</span> 
     </span>
     <span class='ocr_line' id='line_1_19' title="bbox 471 2468 1599 2533; baseline 0 -15"><span class='ocrx_word' id='word_1_134' title='bbox 471 2469 508 2518; x_wconf 86' lang='lat' dir='ltr'>ad</span> <span class='ocrx_word' id='word_1_135' title='bbox 518 2468 626 2532; x_wconf 78' lang='lat' dir='ltr'>gelidos</span> <span class='ocrx_word' id='word_1_136' title='bbox 638 2472 722 2533; x_wconf 81' lang='lat' dir='ltr'>patet</span> <span class='ocrx_word' id='word_1_137' title='bbox 738 2469 803 2516; x_wconf 81' lang='lat' dir='ltr'>ltine</span> <span class='ocrx_word' id='word_1_138' title='bbox 821 2472 928 2518; x_wconf 78' lang='lat' dir='ltr'>aestiua</span> <span class='ocrx_word' id='word_1_139' title='bbox 946 2472 1015 2519; x_wconf 78' lang='lat' dir='ltr'>trio·</span> <span class='ocrx_word' id='word_1_140' title='bbox 1057 2483 1114 2517; x_wconf 90' lang='lat' dir='ltr'>nam</span> <span class='ocrx_word' id='word_1_141' title='bbox 1132 2484 1231 2518; x_wconf 80' lang='lat' dir='ltr'>nouum</span> <span class='ocrx_word' id='word_1_142' title='bbox 1251 2483 1340 2517; x_wconf 82' lang='lat' dir='ltr'>saxum</span> <span class='ocrx_word' id='word_1_143' title='bbox 1359 2483 1439 2533; x_wconf 89' lang='lat' dir='ltr'>neque</span> <span class='ocrx_word' id='word_1_144' title='bbox 1458 2475 1498 2518; x_wconf 89' lang='lat' dir='ltr'>est</span> <span class='ocrx_word' id='word_1_145' title='bbox 1510 2484 1599 2518; x_wconf 86' lang='lat' dir='ltr'>reeens</span> 
     </span>
     <span class='ocr_line' id='line_1_20' title="bbox 470 2531 1600 2603; baseline 0 -18"><span class='ocrx_word' id='word_1_146' title='bbox 470 2553 526 2586; x_wconf 77' lang='lat' dir='ltr'>nes,</span> <span class='ocrx_word' id='word_1_147' title='bbox 543 2531 727 2601; x_wconf 77' lang='lat' dir='ltr'>‘Septentrioni</span> <span class='ocrx_word' id='word_1_148' title='bbox 745 2537 943 2586; x_wconf 81' lang='lat' dir='ltr'>autemoltlecta</span> <span class='ocrx_word' id='word_1_149' title='bbox 957 2553 1015 2603; x_wconf 91' lang='lat' dir='ltr'>por·</span> <span class='ocrx_word' id='word_1_150' title='bbox 1056 2537 1169 2586; x_wconf 84' lang='lat' dir='ltr'>exeisnm</span> <span class='ocrx_word' id='word_1_151' title='bbox 1188 2536 1377 2602; x_wconf 88' lang='lat' dir='ltr'>elnpieidiois,</span> <span class='ocrx_word' id='word_1_152' title='bbox 1396 2536 1600 2586; x_wconf 63' lang='grc'><strong>1011111111-</strong></span> 
     </span>
     <span class='ocr_line' id='line_1_21' title="bbox 470 2604 1599 2670; baseline 0 -15"><span class='ocrx_word' id='word_1_153' title='bbox 470 2606 537 2655; x_wconf 90' lang='lat' dir='ltr'>tieus</span> <span class='ocrx_word' id='word_1_154' title='bbox 550 2613 650 2654; x_wconf 87' lang='lat' dir='ltr'>aestate</span> <span class='ocrx_word' id='word_1_155' title='bbox 670 2604 862 2654; x_wconf 83' lang='lat' dir='ltr'>delieetioribus</span> <span class='ocrx_word' id='word_1_156' title='bbox 875 2613 948 2670; x_wconf 78' lang='lat' dir='ltr'>grata</span> <span class='ocrx_word' id='word_1_157' title='bbox 962 2614 1013 2668; x_wconf 83' lang='lat' dir='ltr'>est,</span> <span class='ocrx_word' id='word_1_158' title='bbox 1056 2607 1107 2668; x_wconf 88' lang='lat' dir='ltr'>eit,</span> <span class='ocrx_word' id='word_1_159' title='bbox 1128 2621 1208 2670; x_wconf 90' lang='lat' dir='ltr'>neque</span> <span class='ocrx_word' id='word_1_160' title='bbox 1227 2604 1419 2667; x_wconf 79' lang='lat' dir='ltr'>admirandum,</span> <span class='ocrx_word' id='word_1_161' title='bbox 1438 2612 1466 2655; x_wconf 90' lang='lat' dir='ltr'>ut</span> <span class='ocrx_word' id='word_1_162' title='bbox 1484 2605 1599 2655; x_wconf 87' lang='lat' dir='ltr'>Handius</span> 
     </span>
     <span class='ocr_line' id='line_1_22' title="bbox 470 2667 1600 2740; baseline 0.001 -17"><span class='ocrx_word' id='word_1_163' title='bbox 470 2675 530 2740; x_wconf 82' lang='lat' dir='ltr'>quio</span> <span class='ocrx_word' id='word_1_164' title='bbox 555 2673 633 2723; x_wconf 88' lang='lat' dir='ltr'>solem</span> <span class='ocrx_word' id='word_1_165' title='bbox 657 2689 706 2723; x_wconf 88' lang='lat' dir='ltr'>non</span> <span class='ocrx_word' id='word_1_166' title='bbox 730 2667 873 2738; x_wconf 77' lang='lat' dir='ltr'>contingit&#39;.</span> <span class='ocrx_word' id='word_1_167' title='bbox 900 2673 1015 2725; x_wconf 81' lang='lat' dir='ltr'>Poarnr·</span> <span class='ocrx_word' id='word_1_168' title='bbox 1056 2675 1141 2740; x_wconf 80' lang='lat' dir='ltr'>oepit,</span> <span class='ocrx_word' id='word_1_169' title='bbox 1160 2675 1205 2724; x_wconf 84' lang='lat' dir='ltr'>sed</span> <span class='ocrx_word' id='word_1_170' title='bbox 1224 2681 1264 2724; x_wconf 91' lang='lat' dir='ltr'>est</span> <span class='ocrx_word' id='word_1_171' title='bbox 1284 2675 1452 2738; x_wconf 79' lang='lat' dir='ltr'>nouumquotl</span> <span class='ocrx_word' id='word_1_172' title='bbox 1466 2675 1600 2724; x_wconf 82' lang='lat' dir='ltr'>substitui-</span> 
     </span>
     <span class='ocr_line' id='line_1_23' title="bbox 471 2742 1598 2809; baseline 0.001 -16"><span class='ocrx_word' id='word_1_173' title='bbox 471 2757 538 2794; x_wconf 84' lang='lat' dir='ltr'>mott.</span> <span class='ocrx_word' id='word_1_174' title='bbox 1056 2750 1099 2793; x_wconf 83' lang='grc'><strong>1111</strong></span> <span class='ocrx_word' id='word_1_175' title='bbox 1111 2759 1155 2809; x_wconf 91' lang='lat' dir='ltr'>pro</span> <span class='ocrx_word' id='word_1_176' title='bbox 1168 2751 1256 2794; x_wconf 85' lang='lat' dir='ltr'>uetere</span> <span class='ocrx_word' id='word_1_177' title='bbox 1269 2749 1296 2793; x_wconf 87' lang='lat' dir='ltr'>et</span> <span class='ocrx_word' id='word_1_178' title='bbox 1308 2742 1408 2793; x_wconf 84' lang='lat' dir='ltr'>attrito.</span> <span class='ocrx_word' id='word_1_179' title='bbox 1424 2743 1477 2793; x_wconf 87' lang='lat' dir='ltr'>iloo</span> <span class='ocrx_word' id='word_1_180' title='bbox 1490 2743 1527 2808; x_wconf 80' lang='lat' dir='ltr'>tit,</span> <span class='ocrx_word' id='word_1_181' title='bbox 1542 2758 1598 2795; x_wconf 84' lang='lat' dir='ltr'>oum</span> 
     </span>
    </p>

    <p class='ocr_par' dir='ltr' id='par_1_7' title="bbox 459 2811 1598 3013">
     <span class='ocr_line' id='line_1_24' title="bbox 524 2811 1598 2877; baseline 0.003 -17"><span class='ocrx_word' id='word_1_182' title='bbox 524 2811 647 2861; x_wconf 80' lang='grc'><strong>17-18,</strong></span> <span class='ocrx_word' id='word_1_183' title='bbox 668 2812 878 2875; x_wconf 76' lang='lat' dir='ltr'>noesortuitnm</span> <span class='ocrx_word' id='word_1_184' title='bbox 896 2837 930 2847; x_wconf 92' lang='lat'>—</span> <span class='ocrx_word' id='word_1_185' title='bbox 945 2816 1013 2861; x_wconf 80' lang='lat' dir='ltr'>sine·</span> <span class='ocrx_word' id='word_1_186' title='bbox 1056 2828 1175 2863; x_wconf 85' lang='lat' dir='ltr'>censores</span> <span class='ocrx_word' id='word_1_187' title='bbox 1194 2818 1353 2863; x_wconf 78' lang='lat' dir='ltr'>sartatecta</span> <span class='ocrx_word' id='word_1_188' title='bbox 1372 2813 1478 2877; x_wconf 80' lang='lat' dir='ltr'>exigunt</span> <span class='ocrx_word' id='word_1_189' title='bbox 1497 2813 1598 2863; x_wconf 85' lang='lat' dir='ltr'>etuias</span> 
     </span>
     <span class='ocr_line' id='line_1_25' title="bbox 459 2880 1598 2947; baseline 0.002 -17"><span class='ocrx_word' id='word_1_190' title='bbox 459 2882 552 2931; x_wconf 74' lang='lat' dir='ltr'>lone:</span> <span class='ocrx_word' id='word_1_191' title='bbox 573 2881 630 2929; x_wconf 85' lang='lat' dir='ltr'>duro</span> <span class='ocrx_word' id='word_1_192' title='bbox 649 2880 707 2929; x_wconf 90' lang='lat' dir='ltr'>noui</span> <span class='ocrx_word' id='word_1_193' title='bbox 723 2896 769 2945; x_wconf 90' lang='lat' dir='ltr'>per</span> <span class='ocrx_word' id='word_1_194' title='bbox 781 2887 905 2931; x_wconf 88' lang='lat' dir='ltr'>aestatem</span> <span class='ocrx_word' id='word_1_195' title='bbox 918 2880 944 2929; x_wconf 87' lang='lat' dir='ltr'>io</span> <span class='ocrx_word' id='word_1_196' title='bbox 957 2896 1015 2945; x_wconf 90' lang='lat' dir='ltr'>por·</span> <span class='ocrx_word' id='word_1_197' title='bbox 1056 2881 1126 2931; x_wconf 86' lang='lat' dir='ltr'>urbis</span> <span class='ocrx_word' id='word_1_198' title='bbox 1151 2888 1281 2947; x_wconf 86' lang='lat' dir='ltr'>reparant.</span> <span class='ocrx_word' id='word_1_199' title='bbox 1312 2881 1398 2945; x_wconf 79' lang='lat' dir='ltr'>Leges</span> <span class='ocrx_word' id='word_1_200' title='bbox 1421 2881 1484 2931; x_wconf 85' lang='lat' dir='ltr'>dicit</span> <span class='ocrx_word' id='word_1_201' title='bbox 1507 2888 1598 2933; x_wconf 85' lang='lat' dir='ltr'>uetera</span> 
     </span>
     <span class='ocr_line' id='line_1_26' title="bbox 471 2949 1596 3013; baseline 0.002 -14"><span class='ocrx_word' id='word_1_202' title='bbox 471 2949 563 2999; x_wconf 72' lang='lat' dir='ltr'>tisibus</span> <span class='ocrx_word' id='word_1_203' title='bbox 576 2950 608 2998; x_wconf 88' lang='lat' dir='ltr'>ad</span> <span class='ocrx_word' id='word_1_204' title='bbox 621 2950 820 3013; x_wconf 81' lang='lat' dir='ltr'>septentrionem</span> <span class='ocrx_word' id='word_1_205' title='bbox 839 2950 943 2999; x_wconf 76' lang='lat' dir='ltr'>directis</span> <span class='ocrx_word' id='word_1_206' title='bbox 961 2964 1014 2999; x_wconf 80' lang='lat' dir='ltr'>am·</span> <span class='ocrx_word' id='word_1_207' title='bbox 1056 2950 1161 3001; x_wconf 79' lang='lat' dir='ltr'>tleereta</span> <span class='ocrx_word' id='word_1_208' title='bbox 1174 2951 1205 3001; x_wconf 81' lang='lat' dir='ltr'>tle</span> <span class='ocrx_word' id='word_1_209' title='bbox 1219 2950 1299 3000; x_wconf 87' lang='lat' dir='ltr'>ollieio</span> <span class='ocrx_word' id='word_1_210' title='bbox 1311 2958 1338 3001; x_wconf 86' lang='lat' dir='ltr'>et</span> <span class='ocrx_word' id='word_1_211' title='bbox 1351 2965 1455 3002; x_wconf 85' lang='lat' dir='ltr'>munere</span> <span class='ocrx_word' id='word_1_212' title='bbox 1469 2952 1596 3002; x_wconf 81' lang='lat' dir='ltr'>censorio.</span> 
     </span>
    </p>
   </div>
   <div class='ocr_carea' id='block_1_6' title="bbox 0 0 1946 5525">
    <p class='ocr_par' dir='ltr' id='par_1_8' title="bbox 0 0 1946 5525">
     <span class='ocr_line' id='line_1_27' title="bbox 0 0 1946 5525; baseline 0 0"><span class='ocrx_word' id='word_1_213' title='bbox 0 0 1946 5525; x_wconf 95' lang='lat' dir='ltr'> </span> 
     </span>
    </p>
   </div>
  </div>
 </body>
</html>
