3884 5525
969 638 1107 691 nonnuli

681 821 778 868 canos
793 806 914 868 odorati
929 808 1070 884 capillos,

682 918 756 980 duna
770 917 856 994 lleet,
874 917 1072 996 Assyrioque
1088 921 1186 982 nardo

681 1067 826 1140 potamus
840 1064 946 1125 uncttt
961 1064 1094 1140 ntsstpat
1109 1061 1232 1126 Euhius

614 1212 619 1222 ·
682 1189 776 1237 curas
792 1174 908 1235 edacis.
941 1174 1104 1251 quts'puer
1119 1175 1206 1236 oclus

681 1287 860 1361 restinguet
875 1285 1014 1347 ardentis
1028 1283 1155 1348 Falernl

679 1395 791 1473 pocula
805 1400 1025 1472 praetereunte
1039 1397 1186 1474 lympha?

681 1541 755 1618 puis
770 1541 895 1602 denium
912 1547 1050 1603 scortum
1067 1541 1170 1603 eltctet
1185 1541 1275 1602 domo

682 1649 817 1728 nycena
839 1653 955 1713 eburna
972 1652 1021 1712 ute
1037 1667 1096 1729 age
1112 1667 1181 1714 cum
1194 1652 1267 1728 lyra

543 1806 584 1856 16.
603 1780 718 1871 alyrioq,
732 1807 758 1856 A
764 1823 773 1855 r
795 1805 945 1873 ossyriaqne
957 1805 1064 1868 aaut,
1084 1805 1226 1870 assiriaqne
1240 1805 1290 1870 Hg.
1399 1805 1440 1855 17.
1460 1805 1542 1868 iuncti
1555 1808 1590 1857 A.

471 1874 561 1924 cultius
572 1875 660 1924 ΗωΣι
675 1875 780 1944 cychine
792 1874 822 1937 G,
836 1874 941 1924 enchius
948 1890 978 1940 g,
992 1874 1094 1924 en.hius
1104 1876 1143 1925 B:
1158 1874 1272 1924 euiusA.
1340 1865 1443 1925 ‘Euius
1458 1878 1498 1924 eie
1509 1878 1603 1925 inueni

470 1947 500 1992 in
511 1943 608 1994 anna.
622 1959 662 2007 aa,
678 1943 726 1992 reri
737 1959 754 1992 a
766 1942 849 1993 sciolo
862 1947 1039 2008 supraposita
1052 1949 1117 1993 noia
1130 1946 1324 2008 aspirationis.
1339 1943 1390 1993 alii
1400 1959 1489 1993 omncs
1502 1945 1602 1993 labeni

471 2006 590 2062 llahius'.
605 2012 744 2072 Cnvpvrvs.
852 2010 893 2059 te.
913 2011 1050 2062 edacisA:
1065 2011 1156 2061 edaces
1168 2010 1268 2076 BGHg.
1375 2012 1416 2060 19.
1431 2013 1556 2077 restinget
1564 2013 1600 2062 A.

471 2081 514 2131 20.
534 2087 698 2146 pretereunte
712 2079 743 2129 G.
813 2079 908 2145 limpha
921 2081 953 2130 11.
1058 2079 1100 2129 22.
1120 2079 1201 2130 Liden
1216 2081 1248 2130 H.

472 2214 512 2257 eet
530 2207 607 2273 paolo
628 2213 686 2272 post
706 2221 797 2256 comae
819 2206 953 2271 religata,
979 2205 1013 2256 ci.
1060 2206 1133 2274 hylus
1144 2205 1222 2256 Liber
1234 2213 1308 2272 pater
1320 2206 1403 2256 dictus
1414 2222 1444 2256 eo
1455 2207 1529 2271 quod,
1543 2223 1600 2258 cum

472 2274 613 2326 sallat.
669 2265 680 2282 ⁸
1058 2275 1084 2323 di
1106 2275 1199 2324 bellurn
1221 2289 1276 2324 cum
1298 2271 1451 2339 Gigantibus
1470 2284 1600 2339 gererent,

525 2344 564 2394 16.
574 2337 938 2410 Assyrioquertardor‘qnae
949 2359 1015 2394 nunc
1058 2343 1153 2409 primns
1178 2342 1203 2392 in
1227 2343 1325 2392 leonem
1350 2359 1488 2393 conuersas
1507 2345 1603 2394 occidit

471 2412 562 2481 Syrie,
584 2412 643 2461 olim
662 2411 770 2478 Assyria
789 2413 939 2462 uocabatur.
963 2411 1015 2462 No·
1059 2410 1212 2475 (ligantem,
1227 2427 1259 2462 ex
1272 2427 1321 2476 quo
1336 2412 1473 2462 lactucam
1488 2411 1602 2478 luppiter

471 2482 575 2532 tandum
597 2487 682 2530 antem
706 2481 771 2562 puori
794 2481 898 2530 nardum
920 2497 1014 2545 genere
1058 2481 1094 2530 ita
1114 2481 1230 2530 laudauit
1247 2471 1278 2530 εὖ
1297 2479 1352 2540 υἷέ,
1373 2481 1399 2529 lr.
1413 2497 1437 2530 e.
1458 2483 1520 2530 berec
1533 2483 1600 2544 fiii.-

472 2548 1014 2615 femininoposuerit.Acao'rr.Hocipsnm
1058 2547 1157 2600 Graece
1181 2550 1252 2599 'enirn
1283 2543 1341 2606 υἱός
1366 2550 1447 2612 filias
1476 2545 1599 2600 dicitur-¹.

402 2653 407 2663 ι
472 2619 564 2670 scribis
588 2619 703 2668 librariis
727 2618 812 2684 potius
840 2618 1014 2684 imputandum
1057 2618 1157 2670 Aaron.
1175 2617 1214 2668 Ex
1236 2617 1301 2668 false
1322 2618 1493 2682 originatione
1512 2633 1601 2669 ueram

471 2695 511 2738 cet
524 2701 598 2752 qnam
611 2686 732 2750 Horatio,
752 2689 794 2752 qni
814 2687 888 2736 nardi
901 2701 1015 2749 ungnen-
1057 2687 1128 2736 disce
1143 2687 1249 2736 nominis
1260 2687 1423 2753 scripturam,
1434 2688 1464 2736 de
1475 2702 1523 2752 qua
1534 2687 1602 2738 dixit

470 2765 538 2819 tum,
553 2764 581 2807 ut
593 2772 640 2823 par
652 2763 811 2818 eet,neutro
824 2771 915 2820 genere
928 2755 1015 2821 posuit
1057 2753 1235 2806 Lachmannus
1265 2756 1296 2805 ad
1326 2754 1473 2807 Lucretium
1503 2753 1600 2808 Vtra

471 2825 552 2892 tepor.
568 2827 582 2875 5
596 2826 639 2889 59,
655 2826 686 2875 13
699 2825 725 2875 9.
741 2824 829 2889 ltaque
841 2832 945 2874 secutus
959 2840 1013 2873 sum
1056 2840 1081 2889 p.
1097 2825 1156 2875 309.
1177 2824 1252 2875 Cani.
1267 2824 1352 2875 Germ.
1368 2824 1389 2875 ll
1406 2825 1436 2875 19
1450 2826 1465 2874 5
1478 2832 1505 2875 ct
1517 2826 1542 2875 ’1.

472 2910 575 2959 grauem
588 2902 732 2956 auctorem,
754 2893 809 2942 dico
828 2893 938 2943 codicem
952 2893 1015 2942 Ber·

472 2979 575 3015 nensem
589 2971 717 3023 ueterem,
742 2963 784 3027 qui
800 2962 876 3011 etiarn
891 2962 938 3011 lroc
957 2961 1013 3011 loco

471 3040 589 3082 neutram
610 3031 755 3096 suppeditat
772 3028 900 3079 Meinckio
922 3029 1014 3094 proba-

470 3107 533 3149 tum.
565 3097 663 3162 Vulgus
692 3098 857 3147 scribentium
882 3105 940 3148 noto
965 3096 1014 3147 sibi

470 3168 594 3233 Assyriae
619 3166 718 3215 nomine
747 3165 877 3229 deceptum
900 3166 1012 3215 uidetur.

470 3234 509 3284 De
538 3234 617 3283 narrlo
639 3240 766 3296 unguento
791 3230 889 3282 Plinius
909 3232 957 3283 Xll
981 3234 1013 3283 26

470 3301 544 3368 (12)ι
565 3302 597 3352 de
607 3302 683 3367 solio
702 3300 786 3350 nardi
800 3300 884 3367 plara
897 3300 1015 3367 dicipar

471 3376 528 3433 ert,
561 3375 593 3419 at
620 3369 770 3436 principali
798 3372 826 3418 irt
855 3374 1011 3436 ungnentis.

469 3438 578 3488 Fratea:
591 3444 633 3488 ert
648 3442 735 3504 graui
751 3443 780 3487 et
798 3452 890 3487 crassa
909 3439 1011 3503 radice,

469 3507 517 3557 sed
527 3509 604 3557 breui
611 3510 733 3571 aeaigra
739 3507 904 3572 fragilique,
917 3524 1013 3573 quam·

469 3580 512 3626 uir
521 3580 636 3642 pingui,
654 3579 737 3625 situm
749 3575 902 3639 redolente,
924 3581 1013 3644 airy·
1107 3578 1232 3627 21-22.
1260 3582 1320 3644 quis
1346 3578 1455 3629 deciam
1477 3584 1598 3629 scoriam

467 3648 544 3711 peri,
571 3658 668 3710 aspero
694 3658 806 3711 sapore,
825 3644 899 3709 solio
921 3661 1012 3710 paruo
1055 3644 1373 3714 elicietdomoLyderrt‘:
1392 3646 1598 3697 decimaretur

1110 2927 1141 2977 18
1154 2927 1232 2977 -20,
1251 2925 1367 2977 Postulat
1386 2942 1450 2992 qnae
1471 2936 1600 2995 compota-

1056 2994 1120 3044 tioni
1151 2996 1280 3057 seruiunt,
1315 3010 1377 3061 prae
1407 2996 1501 3047 ceteris
1535 3012 1600 3062 pue-

1057 3078 1112 3113 rum
1130 3064 1221 3130 pocula
1239 3064 1423 3114 ministrantem
1443 3073 1469 3114 et
1489 3066 1600 3115 miscen-

1056 3138 1123 3193 tem,
1149 3132 1190 3181 cni
1215 3132 1253 3181 rei
1279 3149 1309 3183 ne
1334 3147 1404 3182 mora
1425 3134 1477 3197 sit,
1507 3149 1599 3199 aquam

1057 3200 1087 3249 dc
1111 3200 1166 3249 rino
1188 3203 1385 3265 praeterfluente
1406 3210 1494 3267 petere
1516 3204 1598 3265 iubet3

1056 3268 1154 3318 ardens
1174 3276 1200 3318 et
1216 3273 1369 3334 restinguet
1380 3270 1472 3335 posuit,
1493 3287 1541 3336 quo
1555 3286 1599 3336 ap·

1056 3345 1146 3403 pareat
1165 3338 1190 3387 id
1204 3339 1291 3387 uinum
1304 3339 1359 3389 sine
1373 3340 1543 3390 delenimenta
1556 3340 1599 3390 uel

1056 3420 1072 3457 a
1091 3406 1167 3457 laetis
1188 3407 1241 3457 bibi
1260 3408 1306 3456 uix
1322 3423 1407 3473 posse.
1431 3408 1469 3458 De
1488 3408 1598 3459 Falerno

1055 3475 1123 3526 conl.
1137 3476 1169 3527 ad
1183 3476 1191 3526 l
1207 3476 1239 3527 20
1253 3476 1296 3526 12.

471 3714 614 3778 densaque.
640 3714 670 3763 Irr
690 3719 785 3763 nostro
805 3714 868 3762 orac
885 3718 1013 3777 proxime
1055 3714 1130 3779 iunge
1149 3731 1204 3765 cum
1224 3716 1315 3764 eliciat
1332 3714 1425 3763 domo:
1448 3727 1505 3760 nem
1524 3714 1597 3763 domo
1674 3714 1679 3725 ⁵

470 3783 602 3834 laridatrrr
614 3782 758 3849 Syriacam
765 3820 773 3846 ,
788 3797 854 3831 mox
868 3781 1011 3845 Gallicam,
1055 3784 1125 3847 (sua)
1144 3784 1200 3832 dum
1217 3783 1321 3831 elicitur
1332 3787 1440 3830 scortum
1454 3780 1486 3827 ad
1500 3782 1597 3833 amicos

470 3855 553 3901 tertio
573 3851 789 3902 locoCreticcm.
817 3848 938 3901 ctiam
954 3850 1011 3901 Xlll
1056 3852 1220 3917 proculania
1231 3852 1256 3899 in
1266 3864 1367 3897 nemore
1379 3847 1502 3911 iacentes,
1515 3850 1595 3915 ipsum

471 3920 486 3969 3
500 3919 550 3982 (4).
571 3918 654 3969 Etiam
674 3919 747 3969 nardi
760 3927 914 3983 unguentum
928 3927 957 3969 nt
969 3936 1012 3969 ce·
1055 3920 1163 3969 deuiam
1176 3918 1218 3979 tit,
1239 3918 1262 3965 ln.
1279 3932 1302 3967 e.
1318 3917 1349 3967 dc
1361 3916 1405 3965 uia
1417 3916 1594 3969 depensuram.
1670 3956 1679 3971 .

469 3995 524 4037 tera
539 3987 638 4037 Horatii
653 3988 741 4037 dicaam
754 4003 786 4037 ex
798 3987 887 4055 Syria,
903 3989 1010 4038 nondum
1056 3987 1201 4037 conuerte:
1220 4000 1275 4033 wer
1290 3984 1361 4034 eoird
1376 3988 1404 4034 in
1418 3984 1460 4034 dic
1472 3986 1596 4037 Eiasam·

469 4070 502 4105 ex
516 4056 585 4104 indie
597 4056 689 4105 aduehi
706 4056 807 4106 solitum
820 4063 868 4107 est.
888 4056 963 4106 Cani.
979 4056 1011 4105 ad
1055 4055 1111 4111 lecit
1120 4055 1191 4121 Lyde
1205 4053 1340 4103 dieDr‘rrre
1353 4069 1402 4103 aas
1411 4055 1496 4103 iirem
1506 4056 1595 4106 Haase

470 4123 492 4173 ll
512 4126 526 4173 7
547 4125 637 4174 7-8.
669 4124 767 4175 Seneca
788 4123 923 4192 Hippolyta
944 4125 1008 4174 394:
1054 4124 1164 4174 laelrerti
1186 4121 1295 4171 Perinde
1314 4122 1408 4172 deuius
1426 4122 1469 4185 (de
1486 4124 1530 4173 nia
1550 4125 1595 4174 ab·

469 4192 647 4243 odorccrinir
663 4195 902 4259 eparsarAsryrio
918 4198 1008 4243 uacet.
1054 4189 1156 4254 errans)
1181 4190 1275 4239 (licitur
1296 4189 1305 4239 l
1330 4190 1359 4241 17
1382 4192 1414 4255 6,
1439 4191 1473 4242 ΙΙΙ
1496 4192 1528 4243 25
1553 4193 1593 4243 12.

470 4259 872 4329 llicorlorrleeyrinsnardlest.
967 4264 969 4268 '
1053 4260 1135 4323 Vulgo
1160 4258 1237 4308 aliter
1260 4260 1463 4325 interpretantur
1492 4269 1595 4311 auctore

523 4330 645 4380 17-18.
671 4331 790 4396 dirripai
806 4330 909 4380 auteur
929 4343 1009 4378 curas
1053 4325 1595 4395 Porphyrioneqniscribitr‘belledeuium

469 4398 574 4448 edacior
599 4399 691 4448 edaces
710 4412 787 4448 curae
804 4397 913 4447 animum
931 4396 1010 4447 edunt
1052 4404 1172 4447 scortum
1184 4394 1272 4462 Lyden
1286 4397 1333 4461 ait,
1347 4412 1411 4464 qnae
1425 4414 1529 4463 corpore
1541 4400 1596 4465 qni·

468 4466 636 4532 (narrandam
653 4466 688 4516 ci.
703 4466 713 4515 l
730 4467 759 4515 18
772 4467 788 4514 4
802 4464 943 4514 mordaces
955 4465 1010 4514 sol·
1053 4465 1109 4515 rlcm
1121 4472 1252 4531 quaestum
1266 4466 1353 4530 iaciat,
1365 4467 1410 4517 sed
1420 4482 1468 4516 non
1480 4467 1592 4531 publice:
1680 4486 1683 4491 ·

468 4536 633 4585 liciiadiaes.
658 4534 782 4584 Hesiodus
794 4534 821 4582 E
832 4533 880 4584 66:
899 4526 1010 4598 γυιοβό-
1054 4535 1155 4584 denium
1173 4535 1239 4585 enlm
1257 4543 1296 4585 est
1308 4550 1323 4585 a
1336 4536 1379 4585 uia
1392 4542 1525 4585 remmam.
1546 4536 1596 4586 Ce-

468 4619 533 4668 ρους
543 4601 712 4669 μελεδῶνας.
732 4602 839 4651 Euhias
850 4601 964 4651 Bacchus
977 4602 1010 4651 ab
1054 4610 1136 4654 terum
1150 4611 1262 4655 scortum
1271 4604 1392 4667 meretrix
1400 4606 1596 4671 μεταφορικῶς

467 4671 649 4720 acclamatione
674 4670 756 4720 eahae
773 4676 799 4719 ct
820 4670 918 4720 saian.
945 4667 1010 4721 ‘llu-
1054 4673 1149 4723 dicitnr
1161 4689 1177 4723 a
1189 4679 1288 4737 scorto,
1310 4672 1336 4722 id
1352 4680 1393 4723 est
1406 4687 1420 4721 a
1433 4672 1487 4721 eolo
1501 4674 1596 4724 calcia·
