3884 5525
770 568 945 623 cannitiis
963 570 1000 623 ΙΙΙ
1020 572 1061 623 tr.

877 852 950 913 XII.

457 994 649 1059 Miserarum
666 1001 831 1074 estusque
847 1000 946 1061 amori
962 1001 1036 1061 dare
1052 1002 1159 1062 ludum
1175 1015 1274 1076 neque
1290 1004 1372 1064 dulci

418 1150 529 1201 Sunuem
548 1152 628 1201 uitam
648 1168 696 1201 non
716 1168 773 1203 esse
792 1154 848 1203 sine
868 1153 1027 1204 iucunditate
1045 1162 1072 1203 et
1084 1169 1180 1205 amore.
1207 1153 1315 1207 Hetru-
1334 1165 1435 1209 constat
1447 1176 1480 1209 en

353 1219 436 1269 ionico
456 1220 552 1270 minore
573 1227 598 1271 et
617 1228 655 1270 est
675 1220 773 1272 duobus
789 1222 880 1288 primis
898 1223 1017 1273 uersibus
1035 1224 1153 1273 trimeter
1170 1224 1225 1273 ita:
1245 1228 1407 1277 miscrorum
1422 1233 1477 1277 cst.

353 1305 435 1355 neque
455 1294 563 1339 cneori.
584 1290 650 1339 dore
668 1290 761 1340 iudum
776 1326 800 1341 ..
823 1306 907 1355 neque
923 1293 998 1341 cirrlcs'
1008 1328 1014 1341 .
1035 1292 1110 1342 molo
1128 1296 1210 1342 nino.
1231 1293 1323 1343 lanan
1341 1301 1393 1345 out
1410 1312 1477 1346 eac..

352 1360 442 1407 tertius
456 1374 547 1407 uersus
567 1365 717 1408 tetrameter
734 1360 866 1409 scanditur
885 1360 935 1410 itu:
958 1364 1094 1410 animari.
1110 1365 1271 1411 metuentis.
1284 1369 1402 1427 patruus
1415 1380 1478 1415 uer.

353 1428 413 1476 iero
432 1428 541 1492 linguae
552 1427 587 1476 A.
693 1426 845 1478 Purunetice
864 1430 895 1479 ad
916 1429 1050 1480 ueoduinm
1062 1430 1096 1480 B.
1202 1429 1312 1480 Suauem
1331 1431 1410 1482 uitam
1430 1449 1479 1482 non

351 1512 406 1546 esse
420 1497 475 1545 sine
491 1496 649 1545 iocunditate
663 1504 689 1545 et
702 1512 787 1547 amore
802 1497 834 1546 H.

420 1564 497 1613 1-3.
517 1565 622 1614 Marios
637 1566 794 1616 Victorinus
808 1566 842 1615 ιιι
859 1566 889 1615 10
904 1566 929 1630 6,
948 1564 1126 1617 Terentianus
1138 1565 1253 1617 Maurus
1266 1581 1292 1617 rr.
1306 1567 1383 1618 2067.

258 1671 261 1683 .
352 1634 375 1683 1.
394 1634 548 1683 miserarum
561 1634 693 1683 —ludum
706 1636 808 1685 Atilius
822 1636 1040 1685 Fortunata’onus
1054 1635 1076 1686 ΙΙ
1091 1636 1138 1699 15,
1157 1636 1301 1685 Diomedes
1314 1636 1346 1685 tit
1360 1636 1393 1686 34
1407 1638 1440 1687 24
1453 1648 1478 1689 et

350 1702 380 1751 37
402 1704 426 1752 t.
460 1702 492 1752 In
510 1703 690 1769 descriptione
709 1720 836 1753 uersuum
856 1708 1038 1769 grammatici
1053 1720 1113 1755 cum
1132 1705 1202 1755 libro
1222 1710 1332 1755 uetusto
1349 1707 1481 1757 Bernems‘

350 1775 530 1821 consentiunt.
604 1787 684 1836 neque
697 1773 777 1821 amori
791 1773 879 1823 AGor:
895 1788 940 1823 uec
954 1773 1035 1823 amori
1046 1788 1083 1839 pr
1095 1773 1170 1833 ΒΗς.
1243 1788 1289 1823 uec
1301 1774 1370 1825 duici
1378 1790 1416 1841 pr
1424 1776 1457 1827 B.

352 1840 426 1889 1-2.
447 1856 528 1904 neque
541 1838 608 1889 dulci
620 1868 655 1878 -
668 1840 754 1891 iuuere
768 1841 882 1893 Seruius
895 1842 931 1891 od
944 1842 970 1893 V
969 1857 1026 1909 erg.
1042 1845 1108 1893 Aen.
1122 1840 1148 1892 X
1161 1842 1222 1892 727.

401 2010 488 2060 Curm.
506 2008 564 2060 XN.
595 2010 764 2061 Prooemium.
795 2012 893 2063 Misere
935 2012 1058 2076 Nucem,
1079 2014 1153 2078 leupo
1173 2013 1258 2063 decem
1277 2013 1367 2079 pedum
1388 2014 1477 2065 ordine

349 2103 452 2150 uiuunt
468 2116 538 2166 quoe
556 2100 627 2150 ludis
647 2106 750 2151 umoris
768 2104 892 2167 uinisque
935 2082 1154 2201 ffi‘ffssk'ssssffi
1166 2083 1412 2202 mnffgbffttqs‘?
1425 2090 1477 2165 Ψ

884 2229 890 2257 ’
935 2168 1071 2285 υἰρίοὴιῑῖ
1085 2169 1227 2269 ita'tamed
1236 2169 1265 2270 dt
1275 2168 1478 2287 ¹i'mpgcritlirsaclr'd·
1514 2238 1519 2253 ¹

345 2281 448 2343 probro
460 2295 566 2330 summo
580 2297 639 2330 cunr
653 2285 749 2331 timore
761 2282 891 2346 audiunt,
935 2288 995 2337 dere
1008 2296 1104 2353 posset,
1119 2295 1197 2337 totum
1211 2304 1313 2339 carmen
1327 2290 1382 2339 siue
1395 2290 1478 2356 spira-

348 2384 417 2433 quoe
430 2370 500 2418 milri
511 2370 543 2419 oi
556 2386 675 2421 umorem
689 2372 772 2420 liebri
783 2368 891 2437 saepius
933 2365 1019 2405 ΜΗ)
1045 2356 1138 2405 ¹⁰¹¹i⁰i³
1162 2357 1268 2423 P⁰dib¹¹⁵
1293 2359 1365 2407 5⁰¹¹ss
1387 2360 1478 2423 [mim

682 2458 801 2524 <erm
816 2460 843 2527 ³>
934 2420 1116 2543 §sitisti
1130 2433 1257 2542 rrtr
1280 2425 1372 2542 tit
1392 2434 1477 2543 nr

399 2560 463 2610 Cum
484 2577 604 2611 uersuum
622 2578 719 2626 genus,
748 2570 801 2613 turn
823 2562 891 2628 irog-
934 2563 1063 2628 stropham
1085 2576 1185 2626 semper
1206 2556 1349 2610 desinere.'
1364 2561 1416 2611 Hoc
1438 2562 1477 2611 ilii

347 2636 458 2679 mentum
472 2630 559 2681 Alcaei
574 2632 662 2693 docet,
684 2633 730 2681 hoe
743 2646 845 2681 carmen
859 2632 891 2681 ad
934 2639 980 2681 aut
991 2647 1024 2681 ex
1040 2630 1140 2697 syllaba
1161 2629 1272 2694 ancipite
1290 2637 1335 2678 aut
1353 2645 1384 2679 en
1406 2630 1477 2679 hiatu

348 2698 474 2749 Graecum
499 2699 629 2765 exemplar
653 2715 799 2767 expressum
822 2716 889 2751 esse.
934 2700 958 2749 iu
979 2700 1028 2749 fine
1049 2699 1138 2749 decimi
1159 2699 1231 2765 pedis
1252 2698 1364 2747 admisso
1385 2698 1477 2766 depre-

347 2768 489 2818 Deitlcueo
503 2770 754 2834 trueciiepheestioli
769 2773 782 2820 t
795 2773 831 2836 (p.
842 2772 890 2820 120
934 2770 1085 2820 henderunt.
1112 2768 1240 2818 Hactenus
1256 2769 1288 2817 de
1300 2768 1405 2818 Alcaeo.
1426 2769 1477 2818 iam

348 2839 388 2887 ed.
403 2835 519 2904 (trist),
541 2838 614 2888 cuius
634 2839 714 2888 uerbn
733 2841 830 2904 primus
843 2841 892 2890 huc
934 2855 983 2888 uon
996 2838 1097 2887 difficile
1110 2838 1160 2886 erit
1172 2838 1325 2898 decernere,
1346 2837 1477 2902 inquibus

347 2908 486 2956 aduocauit
504 2907 649 2958 Bentieius:
673 2901 718 2966 Ἐξ
737 2903 841 2976 ὁμοίων
861 2902 895 2958 δέ
934 2907 1010 2957 rebus
1029 2905 1150 2956 Horatius
1170 2907 1289 2955 Nicaeum
1306 2906 1422 2955 imitatus
1443 2907 1477 2955 sit

348 2971 426 3026 ἐστιν
439 2967 512 3043 ἅπερ
526 2971 580 3026 ὑπὸ
594 2973 681 3033 ποδὸς
701 2967 717 3040 ἢ
731 2977 861 3043 συζυγίας
873 2971 891 3041 ἢ
934 2983 980 3026 aut
991 2975 1121 3040 exemplar
1134 2989 1205 3024 suum
1219 2974 1373 3024 deseruerit.
1399 2973 1478 3024 Secu·

348 3038 483 3110 περιόδου
501 3049 718 3113 καταμετρεῐται
742 3040 809 3095 ἄνευ
828 3040 891 3115 cipi·
933 3052 976 3094 tus
989 3052 1039 3107 est,
1053 3045 1112 3093 dum
1125 3043 1208 3093 simile
1222 3039 1370 3094 earmeu'de
1382 3043 1476 3092 misero

348 3115 424 3183 θμοῡ
437 3129 511 3170 τινος
523 3110 686 3184 ὡρισμένου,
700 3110 737 3171 ὡς
748 3110 797 3164 ἐὰν
810 3129 892 3164 caro·
933 3122 960 3164 et
970 3129 1019 3162 nou
1030 3112 1130 3178 expleto
1140 3112 1240 3178 puellae
1252 3112 1380 3162 Romanae
1391 3127 1476 3162 amore

348 3185 449 3252 γμένος
478 3177 600 3251 ἀριθμὸς
629 3174 658 3248 ἦ,
690 3179 739 3233 οὐκ
763 3183 840 3235 ἔστιν
864 3182 892 3244 ἐξ
934 3182 1005 3245 iacit,
1020 3189 1125 3232 secutus
1137 3182 1263 3245 est,dnru
1277 3181 1405 3244 longiores
1417 3197 1478 3232 uer·

350 3246 461 3320 ὁμοίων,
476 3246 544 3301 ἀλλὰ
557 3237 745 3318 κατὰ’σχέσιν,
762 3247 798 3310 ὡς
810 3251 840 3304 ἐν
853 3255 891 3317 τῷ
934 3267 978 3302 sus
995 3251 1038 3300 uel
1058 3257 1198 3318 systemata
1216 3266 1248 3301 ea
1267 3251 1359 3300 ionicis
1378 3265 1477 3315 compo·

350 3315 413 3390 παρ’
427 3315 544 3386 Ἀλκαίῳ
559 3315 666 3388 ᾄσματι
678 3306 711 3370 οὗ
723 3317 739 3384 ἡ
753 3316 823 3390 ἀρχὴ
934 3322 986 3370 sita
997 3321 1111 3385 praebet.
1133 3317 1231 3370 Rursus
1242 3319 1343 3386 paulurn
1358 3319 1478 3370 discessit

286 3395 290 3400 '
400 3389 448 3459 ἔμε
462 3389 565 3449 ditior,
586 3389 634 3459 ἔμε
653 3383 892 3442 παισᾶυκακοτά-
934 3389 965 3439 eb
986 3390 1082 3439 Alcaeo
1100 3389 1126 3437 iu
1148 3389 1266 3439 uersibus
1287 3388 1475 3454 componendis.

351 3474 405 3509 των
424 3458 601 3524 πεδέχοισαν.
934 3457 1029 3524 Nempe
1048 3459 1073 3507 in
1092 3458 1142 3507 flue
1155 3465 1321 3525 systemutum
1335 3458 1421 3507 decem
1434 3472 1478 3523 pe-

350 3519 465 3595 ι’έπειρος
480 3527 533 3595 μὲν
547 3522 601 3595 γάρ
616 3543 657 3584 τις
673 3518 712 3578 ὢν
726 3522 842 3594 φήσειεν
857 3517 892 3578 ἂν
934 3527 1009 3577 dibus
1028 3527 1201 3576 absolutorum
1222 3543 1303 3592 neque
1323 3527 1419 3575 hictum
1435 3541 1478 3574 ue·

351 3591 416 3646 αὐτὸ
429 3595 457 3654 ἐξ
470 3593 574 3665 ὁμοίων
587 3593 665 3655 εἶναι,
677 3594 705 3656 ἒξ
718 3591 890 3661 imvenietis?
935 3612 983 3662 que
1003 3595 1139 3661 ancipitem
1159 3595 1284 3660 syllabam
1302 3609 1418 3658 umquam
1432 3594 1477 3642 ud-

348 2191 485 2239 obstinerc
499 2191 603 2254 debent,
621 2196 670 2241 ont
682 2194 707 2241 η’
718 2192 882 2243 admiserint

351 3659 496 3722 ἐλάσσονος
516 3665 645 3730 συζυγίας
668 3659 892 3734 κατυμετρούμε-

350 3749 410 3784 νον·
424 3733 504 3816 iqnsig
514 3733 552 3792 di,
564 3727 659 3796 ἐπειδὴ
669 3724 739 3782 κατὰ
749 3733 815 3785 δέκα
825 3730 893 3803 ὁρῶ-

350 3817 401 3870 μεν
410 3797 477 3852 αυτὸ
487 3803 613 3870 συζυγίας
622 3797 890 3872 κατυμετροὺμενον,

350 3865 419 3921 κατὰ
436 3873 533 3938 σχέσιν
557 3871 600 3936 (=
618 3871 747 3936 strophien
769 3872 892 3938 composi-

351 3941 429 4002 tione)
446 3935 515 3989 αὐτὸ
529 3935 689 4058 yquprispdor
701 3942 804 4009 φαμέν.
829 3941 891 3990 Hine

351 4009 398 4057 duo
410 4010 542 4069 discimus,
558 4025 571 4073 p
599 4024 663 4056 rnurn
677 4009 732 4070 hoc,
753 4009 784 4058 ab
797 4009 892 4058 Alcaeo

350 4078 458 4142 puellum
468 4079 499 4126 de
509 4094 536 4128 se
544 4085 689 4142 querentem
699 4077 826 4127 inductum
835 4093 892 4127 esse

352 4147 550 4208 (mensnram,
563 4163 604 4195 me
615 4149 737 4195 ornrm'iros
750 4147 830 4195 molis
843 4149 893 4196 im-

348 4218 505 4280 pertr'tom);
528 4223 580 4274 turn
600 4215 625 4264 in
642 4215 753 4264 curruine
773 4215 817 4264 iiio
837 4221 894 4279 post

352 4284 473 4334 decimum
493 4299 616 4350 quemque
631 4283 740 4332 ionicum
761 4299 775 4333 e
795 4283 893 4334 minore

352 4367 441 4402 nouum
455 4361 568 4420 systema
582 4353 725 4402 inchoatum
740 4367 796 4402 esse
810 4353 861 4402 sic:

372 4436 879 4484 ooL-ooL-ooL-ooL-

372 4523 879 4571 uvL-va-vuL-va-

504 4605 751 4655 uvL-va!

421 4736 526 4779 Neratius
535 4733 570 4777 ed.
580 4735 657 4778 Nitter.
672 4734 688 4776 Ι.
718 4746 721 4752 ’

935 3665 1015 3725 misit,
1029 3665 1066 3712 itu
1079 3670 1107 3711 ut
1119 3663 1161 3711 uei
1174 3664 1272 3725 peritus
1282 3663 1387 3711 eredere
1397 3661 1478 3724 possit

934 3739 1015 3781 totum
1028 3745 1129 3779 cer-meu
1148 3728 1177 3787 ἐξ
1194 3724 1301 3796 ὁμοίων
1313 3743 1370 3777 esse
1383 3735 1409 3777 et
1422 3727 1477 3776 sine

935 3798 1073 3848 interuallo
1086 3811 1166 3860 usque
1179 3798 1210 3844 ad
1221 3797 1295 3845 finem
1305 3795 1476 3844 recitandum.

935 3866 1019 3918 Nihilo
1038 3867 1120 3914 miuus
1140 3871 1261 3928 quattuor
1277 3871 1417 3930 systemate
1430 3879 1477 3926 ego

935 3934 1048 3986 discreui
1078 3940 1180 3983 secutus
1205 3932 1347 3982 Bentleiunr
1377 3940 1402 3982 et
1430 3932 1477 3982 bac

935 4007 1026 4055 ductus
1039 4003 1147 4053 ratione.
1168 4001 1278 4051 Primum
1291 4001 1391 4050 metrici
1404 4002 1478 4052 scirc-

934 4075 1028 4125 liustac
1042 4080 1068 4122 et
1080 4071 1238 4134 grnmrnntiri
1253 4069 1349 4134 Latini,
1366 4071 1407 4135 qui
1420 4078 1479 4136 post

936 4143 1011 4193 binos
1040 4141 1170 4191 trimetros
1201 4147 1376 4189 tetrametrum
1405 4140 1478 4206 sequi

937 4213 1045 4273 iaciunt,
1057 4208 1203 4276 systematis
1212 4208 1285 4258 tinem
1296 4214 1479 4274 postpotrnce

935 4283 1050 4330 stertere
1064 4280 1174 4343 linguas
1192 4278 1309 4326 certatim
1327 4283 1477 4340 agnoscunt,

937 4347 1121 4413 exemplarium
1134 4361 1237 4395 suorum
1251 4344 1331 4394 inrrua
1344 4344 1476 4405 admoniti,

936 4425 965 4468 ut
984 4416 1096 4466 uidetur.
1124 4413 1189 4464 Dein
1208 4413 1262 4479 ipse
1281 4412 1403 4463 Horatius
1422 4419 1478 4476 pest

938 4487 1017 4535 denos
1035 4485 1112 4551 pedes
1130 4483 1235 4550 primam
1253 4480 1404 4531 senteutiam
1420 4494 1478 4528 cou-

938 4555 1042 4605 eludere
1064 4561 1090 4603 et
1108 4551 1184 4602 aliam
1203 4565 1336 4618 personam
1357 4547 1477 4597 inducere

938 4622 1029 4671 uetuit.
1054 4620 1177 4672 Nimirum
1197 4636 1243 4671 uec
1261 4617 1389 4685 querellae
1407 4616 1479 4682 puet-

1206 4733 1217 4751 ⁸·
1241 4724 1271 4772 is
