3884 5525
930 616 1094 679 EORUM„

961 892 1038 954 1111.

644 1044 808 1108 Descende
823 1044 910 1105 caelo
929 1047 960 1103 et
975 1043 1025 1103 dle
1039 1056 1098 1117 age
1115 1041 1189 1129 tibip

645 1157 755 1233 regma
773 1156 901 1232 lengum
918 1151 1059 1229 Calliope
1074 1152 1184 1227 meles,

647 1283 704 1330 sen
719 1282 797 1329 nece
812 1282 895 1328 nnnc
911 1266 1013 1327 manis
1029 1267 1134 1337 acum,

646 1393 702 1439 sen
719 1378 831 1439 lldtbns
847 1377 1009 1438 eltbaraue
1024 1371 1154 1436 Phoebi.

506 1544 544 1593 Ad
558 1542 671 1609 Calliope
686 1542 767 1593 Musei.
785 1542 852 1593 Meti
865 1541 930 1608 quod
945 1555 1022 1606 snpra
1035 1540 1068 1590 A,
1173 1535 1212 1585 Ad
1225 1536 1335 1601 calliope
1348 1551 1444 1585 musam
1456 1536 1489 1585 B.

438 1613 477 1663 nd
492 1612 624 1678 Calliopen
637 1611 735 1662 Musam
749 1612 780 1662 Η.

510 1682 533 1731 i.
554 1681 662 1730 escendo
682 1683 799 1744 (omittit
813 1684 919 1746 primus
938 1681 1090 1729 carminum
1110 1672 1278 1742 litteroslG.
1355 1680 1383 1722 et
1401 1688 1443 1721 om
1458 1672 1490 1721 B.

439 1750 511 1817 tybia
524 1749 554 1812 G,
573 1750 654 1819 tbibia
666 1750 698 1799 B.
805 1751 830 1800 2.
851 1748 967 1815 callyope
980 1746 1011 1797 G.
1117 1744 1143 1794 4.
1164 1743 1296 1792 eitharaue
1306 1742 1407 1808 Aliger,
1426 1740 1567 1807 cythereae

440 1819 503 1869 BG:
522 1818 671 1883 citharaque
682 1822 775 1885 pauci.
882 1818 956 1885 phebi
971 1815 1045 1880 neg,
1066 1812 1141 1880 pbqbi
1152 1812 1185 1861 11.

493 1987 579 2038 Carm.
591 1987 646 2039 llll.
666 1986 834 2037 Prooemium.
858 1986 901 2051 Ta,
919 1986 983 2037 eat·
1025 1981 1154 2033 Musarum
1163 1981 1291 2030 alumnum
1302 1994 1329 2029 sc
1339 1994 1399 2029 esse
1407 1978 1480 2027 uarie
1491 1976 1570 2041 signi-

440 2078 524 2144 lc'ope,
549 2078 629 2128 modo
649 2080 807 2129 reuocatam
829 2076 923 2127 audire
941 2091 983 2125 me
1024 2051 1120 2101 ficium·
1148 2047 1330 2129 Qnil‘pmefi
1350 2063 1430 2113 ⁰⁰9⁰?
1449 2052 1568 2127 {uicem

1025 2135 1082 2170 sese
1095 2134 1182 2184 parem
1195 2134 1252 2167 esse
1266 2133 1302 2166 sne
1314 2117 1447 2182 probatum
1460 2124 1526 2179 nunt,
1541 2121 1571 2164 ut

438 2174 508 2233 preto
521 2174 550 2218 ot
561 2182 654 2217 errare
665 2168 734 2217 miii
743 2167 839 2217 uidcor
848 2181 898 2233 per
908 2168 983 2216 teoos
1027 2205 1054 2238 se
1074 2202 1178 2253 puefflm
1197 2186 1326 2252 ,mesidio
1341 2186 1427 2235 (puin,
1441 2191 1467 2234 e,
1481 2184 1569 2234 fnum

441 2274 543 2308 sacros.
569 2256 684 2308 Perinde
699 2272 768 2323 puer
785 2257 850 2307 olim
869 2260 896 2306 in
916 2256 984 2307 locis
1026 2255 1156 2307 Musarum
1178 2271 1250 2305 usum
1271 2270 1345 2319 esse,
1371 2268 1430 2303 men
1451 2254 1570 2302 iuuenem

439 2348 985 2414 paprpmgapampm„mmmm„
1026 2326 1160 2389 uirumque
1196 2338 1288 2386 magna
1324 2323 1421 2373 tutelae
1450 2320 1570 2371 caelestis

441 2438 511 2488 sidio
526 2442 679 2501 protectus·
705 2434 902 2502 Nunequoque
932 2436 984 2486 Ca·
1027 2395 1100 2458 signa
1125 2393 1261 2474 agnouisse
1291 2392 1463 2472 profiteretur.
1501 2390 1570 2439 llaec

906 2474 915 2499 ²
1027 2470 1154 2513 sententia
1175 2461 1353 2526 comprobatur
1376 2461 1431 2510 illis
1453 2474 1516 2525 quae
1539 2459 1570 2507 de

442 2528 654 2593 urenae,sauore
664 2531 756 2577 uestro
764 2526 881 2591 gaudeo,
894 2541 985 2592 quem-
1027 2532 1189 2591 sneoessione
1208 2532 1296 2579 borum
1308 2530 1446 2579 carminum
1466 2529 1498 2577 ad
1518 2527 1571 2591 pri-

443 2634 555 2682 rnmqee
569 2617 665 2668 ltaliae
684 2616 772 2667 locum
793 2616 866 2675 aare
887 2632 935 2665 ooe
949 2632 984 2665 ex

440 2708 574 2773 grauibus
588 2711 661 2759 aritae
677 2708 807 2774 parientis
825 2721 867 2755 me
879 2720 985 2755 conser-

442 2802 548 2861 oostts‚·
582 2801 659 2850 uobis
675 2801 772 2864 freter
790 2800 984 2864 ferocissimos

440 2894 535 2953 gentes
548 2889 692 2939 incolumes
703 2892 801 2939 m'som.
822 2888 876 2938 Vos
888 2887 986 2936 Coera-

442 2992 500 3026 rem
514 2978 582 3028 bello
596 2984 810 3043 componentem,
828 2992 922 3042 pacem
934 2977 985 3041 so-

442 3072 549 3116 nantem
561 3071 702 3129 recreatio,
713 3082 762 3116 uos
775 3067 831 3116 lene
844 3067 985 3116 consiliunt

443 3155 517 3204 dotis
549 3160 577 3204 et
605 3155 754 3204 adiunctis.
793 3155 871 3206 Vires
900 3154 985 3204 stulte

443 3249 567 3305 ruentes,
582 3244 668 3292 ueluti
682 3242 791 3292 Titanes
805 3247 831 3292 et
846 3242 984 3306 Gigantes,

426 3343 428 3346 ’
442 3333 511 3382 molo
523 3349 573 3381 eeu
586 3332 697 3381 cadunt.
724 3332 786 3382 Vim
805 3336 985 3397 temperatam

444 3421 473 3470 di
482 3422 654 3486 pronecteret:
667 3422 803 3486 nefarium
815 3421 986 3486 tolluntpoe-

443 3513 538 3576 nisque
557 3511 740 3561 ulciscuntur.
765 3508 886 3573 (Metrum
900 3512 985 3561 Alcai-

444 3603 511 3663 eum)
828 3603 830 3608 '

495 3694 532 3744 De
558 3694 683 3759 supientia
711 3695 986 3760 praeceptor-uirtutis

1028 2616 1093 2651 mum
1107 2601 1233 2664 disputata
1249 2606 1317 2647 sunt.
1341 2596 1405 2647 Nam
1419 2599 1483 2646 banc
1496 2597 1570 2645 odam

1028 2678 1055 2719 et
1068 2676 1166 2718 sextam
1185 2668 1280 2717 ceteris
1298 2666 1398 2731 priores
1418 2673 1492 2715 natas
1511 2680 1570 2714 esse

1028 2737 1211 2788 intelleximus.
1233 2737 1281 2786 Sed
1292 2735 1408 2800 qnoniam
1419 2749 1507 2801 poema
1517 2733 1571 2799 pri·

1027 2823 1094 2856 mum
1108 2822 1122 2856 a
1136 2823 1162 2856 se
1177 2806 1269 2855 laetum
1287 2805 1366 2870 primo
1380 2806 1435 2854 loce
1449 2803 1570 2852 collocari

1029 2877 1126 2937 noluit,
1146 2891 1187 2924 res
1206 2875 1262 2940 ipsa
1283 2875 1397 2936 terebat,
1418 2880 1446 2922 ut
1465 2873 1503 2921 illi
1516 2888 1572 2921 ear-

1027 2945 1088 2992 mini
1102 2944 1167 3008 quod
1186 2944 1293 3008 primum
1306 2942 1458 3003 collocanti,
1480 2955 1571 2990 nouum

1028 3012 1182 3079 prooemium
1196 3013 1312 3062 adderet.
1335 3012 1378 3061 Sic
1391 3010 1499 3075 duplicis
1512 3025 1571 3075 pro-

1029 3081 1103 3130 oemii
1124 3081 1248 3129 rationem
1267 3080 1333 3129 inste
1354 3079 1469 3143 intellegi
1490 3078 1571 3143 expli-

1028 3149 1132 3213 carique
1142 3149 1304 3198 crediderim.
1326 3149 1434 3198 Carmen
1445 3163 1510 3197 auno
1521 3147 1571 3195 726

1028 3220 1064 3281 (a.
1081 3217 1143 3266 Cbr.
1157 3217 1202 3280 28)
1222 3225 1306 3268 natum
1325 3234 1382 3268 esse
1401 3219 1426 3266 in
1439 3216 1571 3266 Prooemie

1028 3287 1060 3336 ad
1079 3286 1185 3351 primam
1205 3286 1281 3336 buius
1293 3287 1353 3336 libri
1366 3287 1429 3336 oden
1443 3294 1570 3335 ostensum

1029 3362 1079 3405 est.

1081 3423 1157 3472 1-2.
1178 3423 1349 3474 descende-
1359 3425 1461 3474 metor:
1474 3430 1503 3471 ut
1515 3423 1571 3487 ipse

1028 3492 1145 3542 mortalis
1165 3491 1254 3542 Musae
1279 3494 1401 3543 caelestis
1420 3507 1507 3542 uocem
1526 3506 1572 3540 au-

1030 3561 1097 3622 diat,
1124 3561 1196 3610 deam
1221 3564 1252 3611 de
1274 3563 1334 3612 sede
1356 3577 1402 3611 sua
1423 3562 1450 3610 in
1476 3568 1571 3610 terram

1029 3630 1186 3679 descendere
1217 3647 1320 3680 neeesse
1350 3638 1399 3678 est.
1449 3629 1573 3693 Longum

1029 3705 1100 3748 recte
1118 3700 1164 3748 boc
1178 3714 1278 3748 carnion
1292 3699 1396 3747 uocauit
1408 3704 1511 3744 anctore
1532 3704 1574 3746 est

443 3763 481 3813 sie
494 3763 603 3827 cecinit,
624 3772 652 3813 ut
665 3764 802 3829 potentium
818 3763 947 3830 Calliopes
960 3773 988 3815 et
1029 3768 1096 3816 euim
1117 3767 1217 3828 longius
1230 3782 1303 3830 qnam
1319 3766 1395 3812 nllnm
1408 3763 1476 3811 aliud
1489 3763 1573 3812 adbuc

443 3831 590 3895 Musarum,
610 3847 674 3896 quae
693 3833 884 3882 uetustissimae
903 3834 987 3882 scien·
1030 3836 1129 3900 abipso
1143 3836 1246 3884 editum.
1275 3833 1387 3882 Fallitur
1399 3830 1569 3896 Porphyrion,

444 3901 496 3949 tiae
510 3902 640 3951 antistites
651 3900 733 3965 inere,
745 3903 817 3966 narie
831 3902 986 3965 celebraret,
1030 3919 1086 3954 eum
1100 3902 1203 3953 scribit:
1222 3897 1361 3951 ‘descende
1373 3899 1446 3949 eaelo
1462 3900 1494 3948 ad
1509 3900 1571 3950 illud

444 3984 502 4018 nnox
527 3971 557 4017 ad
583 3969 737 4019 contrarium
761 3971 896 4034 degressus
916 3971 987 4020 uires
1029 3971 1155 4036 pertinet,
1183 3971 1248 4034 qnod
1267 3968 1333 4017 uelit
1352 3968 1403 4016 iam
1423 3968 1572 4018 transires

444 4037 594 4101 insipientes
616 4053 662 4087 sna
683 4038 748 4088 mole
771 4055 846 4088 ruere
870 4040 985 4089 doceret.
1030 4040 1133 4090 lunonis
1147 4037 1304 4086 sermonibus
1317 4052 1380 4100 quos
1397 4037 1422 4086 in
1442 4038 1514 4087 eaelo
1528 4038 1572 4086 ha·

445 4105 500 4170 Qua
523 4107 656 4155 occasione
680 4108 746 4171 quod
771 4107 907 4157 deremet
931 4107 987 4172 ipso
1030 4107 1116 4156 baisse
1135 4121 1190 4154 eam
1209 4099 1377 4154 ostenderat.'
1404 4105 1480 4155 immo
1501 4106 1572 4171 prius

443 4174 678 4239 plurapronnpsit,
713 4176 792 4224 etiam
817 4176 847 4225 de
873 4175 986 4225 Caesare
1029 4189 1130 4224 carmen
1145 4173 1239 4229 etit,
1252 4175 1298 4222 boc
1311 4175 1396 4224 aare
1411 4175 1504 4224 iactum
1517 4181 1570 4237 est,

445 4242 588 4292 Octauiano
615 4243 726 4292 nonnihil
753 4245 878 4309 aspersit,
909 4243 934 4291 id
959 4242 985 4290 in
1029 4239 1193 4292 ei.i'rooem.
1210 4241 1243 4292 lll
1259 4243 1282 4292 1.

444 4312 510 4360 buno
522 4311 621 4360 modum
640 4312 817 4376 explicandum
836 4311 895 4359 mibi
916 4310 987 4358 nide-
1081 4311 1106 4359 3.
1126 4321 1239 4359 noce—2
1251 4317 1350 4360 acuta:
1371 4313 1393 4362 si
1411 4328 1474 4362 uoce
1489 4317 1571 4361 acuta

445 4387 495 4428 tur.
534 4378 608 4429 Noua
629 4381 761 4440 carmina,
786 4380 817 4428 de
841 4381 937 4427 uirtute
959 4384 987 4426 et
1028 4379 1109 4428 melos
1133 4379 1219 4429 dicere
1243 4380 1378 4444 maluerit,
1411 4381 1517 4442 tibiam,
1544 4386 1572 4429 nt

444 4447 517 4498 benis
541 4449 652 4498 moribus
676 4449 805 4513 postulata
829 4445 876 4508 (el.
898 4445 906 4494 l
928 4445 984 4508 32),
1029 4447 1109 4513 primo
1122 4463 1199 4497 uersu
1211 4450 1314 4512 rogauit
1325 4448 1571 4514 poeta,adbibebit,

444 4516 492 4565 boc
515 4525 648 4582 poemate,
673 4517 776 4580 opinor,
803 4521 919 4563 exorsus·
935 4521 985 4564 est.
1030 4517 1053 4566 si
1075 4521 1160 4580 graui
1169 4555 1174 4571 .
1200 4518 1294 4568 fidibus
1318 4519 1452 4568 eitharauc
1477 4515 1571 4566 Phoebi

444 4582 507 4634 ltine
521 4585 656 4636 Caesarem
677 4583 744 4634 bella
757 4582 884 4632 finientem
904 4583 987 4647 pacis·
1031 4591 1128 4634 utetur.
1154 4584 1260 4652 Triplex
1279 4587 1347 4651 optio
1361 4595 1401 4638 est
1419 4594 1518 4637 cantum
1531 4600 1573 4635 co-

444 4667 492 4715 que
506 4653 597 4703 artium
616 4653 755 4704 studiosum
776 4652 907 4717 laudauit,
929 4653 988 4703 binc
1031 4654 1146 4706 mitantis
1158 4655 1331 4706 instrumenti.

1684 1142 1688 1149 ’

1731 1417 1734 1516 t

1722 1637 1737 1796 r
