3884 5525
959 619 1096 672 llOliA'l'll

668 826 673 834 ·
716 791 815 852 nectis
831 793 969 850 catenas.
996 802 1076 862 quac
1091 788 1147 848 tibi
1163 765 1322 863 uirginum

623 969 628 976 ,
718 915 833 978 sponso
848 903 959 961 necato
975 899 1106 959 barbara
1122 898 1262 959 seruiet?
1282 939 1291 956 .

717 1027 795 1088 puer
810 1011 881 1086 quis
897 1024 936 1069 ex
953 1009 1025 1070 aula
1042 1008 1160 1082 capillis

717 1122 756 1183 acl
771 1121 919 1197 cyathum
936 1122 1095 1180 statuetur
1110 1117 1224 1193 unctis,

716 1271 824 1333 boetus
840 1273 974 1347 sagittas
989 1271 1116 1332 tendere
1132 1266 1256 1332 Sericas

468 1396 500 1445 to
716 1396 790 1443 arcu
807 1383 957 1457 paterno?
972 1383 1042 1458 quis
1058 1385 1153 1457 neget
1167 1380 1273 1442 arduis

535 1536 561 1586 6.
580 1537 676 1598 inflas
688 1551 712 1586 ν.
726 1537 751 1587 rl
762 1538 797 1600 A,
816 1541 861 1587 cui
871 1537 978 1602 reliqua
991 1539 1121 1588 carminis
1135 1535 1240 1586 darual.
1353 1533 1430 1582 t-s.
1453 1533 1591 1584 Charisius

468 1604 478 1654 Ι
494 1605 524 1655 18
538 1605 570 1654 28
583 1620 607 1669 p.
619 1605 662 1654 81.
768 1605 795 1656 8.
813 1613 916 1673 cyatum
931 1606 961 1669 G,
982 1606 1076 1655 clatum
1089 1605 1122 1655 H.

518 1775 613 1825 5-to.
633 1773 696 1824 Post
707 1773 815 1824 relatam
833 1775 1010 1839 praeparatio·
1051 1772 1083 1821 lt
1093 1772 1165 1837 (li):
1177 1787 1211 1822 aa
1221 1771 1342 1821 omnibus
1351 1776 1442 1821 autem
1450 1774 1592 1836 generibus

467 1857 523 1893 nem
544 1843 606 1893 belli
623 1850 699 1907 poeta
719 1841 820 1891 felicem
833 1851 951 1891 euentum
965 1858 1010 1890 ex·
1050 1843 1143 1906 palma
1160 1841 1252 1890 Serico
1265 1841 1349 1904 sarra
1367 1845 1419 1890 cst.
1446 1841 1523 1891 Seres
1543 1843 1592 1890 boc

465 1911 607 1977 pediticnis
626 1910 758 1960 conlectae
771 1918 854 1960 mente
873 1910 1008 1976 praecipit,
1052 1925 1112 1958 cam
1129 1911 1251 1960 aestibus
1269 1911 1325 1956 sais
1344 1910 1513 1974 pellibusque
1530 1913 1593 1959 mit·

468 1979 608 2044 icciumquc
618 1979 691 2043 qussi
703 1979 857 2028 tetrarcham
868 1979 910 2028 uel
923 1994 1009 2042 regem
1052 1983 1123 2028 tant.
1156 1977 1249 2027 Strabo
1263 1974 1312 2026 XV
1325 1975 1340 2024 3
1356 1977 1401 2027 18:
1421 1976 1460 2040 (ab
1472 1978 1592 2060 Ilipam)

466 2049 555 2113 spoliis
579 2047 692 2096 Orientis
723 2047 828 2096 (litatum
856 2047 940 2112 lepide
965 2047 1010 2097 de·
1052 2041 1108 2095 ἀπὸ
1133 2043 1164 2096 δὲ
1188 2047 1271 2096 πέντε
1295 2042 1365 2096 ἐτῶν
1388 2041 1438 2102 ἕως
1460 2061 1593 2115 τεταρτου

466 2116 565 2166 scribit.
1051 2115 1098 2164 καὶ
1117 2115 1203 2164 εἴκοσι
1220 2107 1401 2164 παιδεύονται
1416 2109 1535 2172 τοξεύειν
1546 2115 1593 2164 καὶ

521 2186 598 2239 5-6.
619 2199 688 2246 panc
700 2183 753 2232 tibi
762 2183 798 2219 ὲ
809 2185 944 2233 caruisti:
967 2198 1010 2232 co·
1052 2176 1204 2242 ἀκοντίζειν
1213 2181 1260 2232 καὶ
1270 2177 1454 2240 inanitatibus.
1468 2184 1592 2248 Sagittam

466 2253 521 2317 gita
544 2267 672 2316 sponsum
696 2252 823 2300 bellantis
842 2255 957 2318 tyranni
977 2251 1009 2302 ab
1053 2251 1162 2301 leaders
1175 2267 1238 2300 noue
1251 2265 1296 2316 pro
1315 2245 1423 2301 tenuere
1436 2266 1544 2314 arcum,
1564 2259 1594 2300 ut

467 2321 533 2371 iccio
545 2320 657 2370 occisum
670 2320 780 2385 (sponso
792 2318 901 2382 necato)
916 2328 944 2370 et
955 2321 1010 2369 uir·
1053 2319 1072 2369 ΙΙ
1086 2319 1117 2369 10
1129 2320 1174 2370 ta:
1189 2335 1273 2384 acque
1283 2335 1388 2386 semper
1399 2335 1493 2369 arcam
1507 2320 1594 2370 tendit

466 2390 549 2454 ginem
567 2389 731 2454 principalem
749 2388 855 2453 praemii
874 2389 931 2438 loco
950 2390 1009 2438 ltuic
1052 2389 1161 2452 Apollo.
1177 2386 1593 2450 SicetiamVergiliusAen.Vllll

466 2459 600 2520 innatam,
633 2465 661 2506 ut
682 2457 742 2505 olim
763 2455 897 2506 Telamoni
920 2458 1010 2508 Aiacis
1053 2458 1117 2508 606:
1131 2457 1432 2523 ι[Ιοοτονοίιιιίιιιοοτιοτ
1450 2457 1593 2524 etspiaala

466 2527 532 2592 patri
558 2525 685 2588 Hesiona,
712 2532 740 2574 ut
762 2526 835 2575 Aiaci
859 2523 1008 2590 Tecmessa,
1052 2527 1161 2576 tendere
1186 2540 1277 2574 corno.
1309 2524 1377 2574 idem
1393 2523 1416 2574 V
1435 2526 1501 2575 513:
1528 2541 1593 2576 arcu

466 2595 560 2646 Achilli
573 2594 668 2644 Briseis
680 2593 741 2644 tiata
753 2601 803 2644 est.
1002 2627 1003 2632 =
1052 2599 1179 2645 contenta
1191 2600 1291 2658 parato
1305 2594 1369 2656 tela,
1383 2601 1410 2643 et
1421 2594 1487 2644 508:
1503 2595 1593 2644 oculos

459 2694 462 2697 -
519 2665 543 2712 i.
562 2666 711 2728 praeequis
729 2678 764 2712 ca·
781 2662 862 2712 aula=
883 2662 1009 2727 pedestris
1054 2663 1187 2728 telamque
1217 2663 1342 2712 tetendit.
1392 2661 1428 2712 De
1464 2669 1593 2712 structura

466 2731 590 2783 sermonis
605 2732 676 2781 'orbo
702 2730 769 2781 iuret
799 2735 859 2796 quir
884 2746 920 2781 ccc
943 2731 1009 2782 aula
1053 2729 1523 2783 donitas-tsadcrecl.adll18.
1564 2770 1572 2778 .

464 2818 543 2868 paor.
573 2801 645 2850 Puer
663 2808 703 2850 est
723 2798 876 2849 Graecorum
897 2803 965 2856 παῖς
984 2806 1010 2849 et
1106 2800 1216 2861 10-16,
1243 2798 1292 2849 lam
1313 2800 1377 2849 nibil
1395 2816 1452 2851 essa
1473 2792 1593 2851 ἄελπτον

466 2885 542 2935 saepe
556 2869 650 2919 dicitnr
663 2868 693 2918 de
704 2884 779 2918 seruo
790 2868 899 2917 nondum
909 2868 1007 2917 adulto.
1051 2868 1093 2917 uel
1107 2859 1258 2936 ἀπώμοτον
1270 2869 1349 2931 dicit,
1369 2876 1499 2934 postquam
1513 2870 1593 2919 lucius

466 2938 544 2989 ilecto
565 2937 703 2987 Lambinus
726 2936 815 2987 laudat
835 2935 905 2985 Liuii
930 2936 1009 2985 uerba
1052 2950 1084 2985 ex
1097 2936 1247 3001 philosopho
1260 2938 1334 2987 milas
1348 2936 1431 2987 lactus
1443 2938 1488 2987 sit.

465 3005 581 3057 XLVb:
593 3004 1009 3070 pacriregiiaputllllaccdonas
1106 3004 1147 3053 ll.
1176 3020 1277 3069 pronos
1305 3010 1396 3056 riuos:
1423 3022 1524 3073 pronos
1554 3012 1595 3057 ast

466 3073 895 3136 nectabanturpriacipamlibcri
911 3072 948 3122 cd
958 3075 1009 3121 mi·
1049 3066 1138 3135 ‘prono
1169 3073 1243 3121 alueo
1273 3068 1412 3132 cadentes'.
1450 3075 1500 3125 llos
1526 3076 1593 3125 enim

442 3144 611 3190 -aiatariam
630 3143 702 3204 regis
719 3140 807 3188 electi.
839 3138 926 3203 ltaque
946 3155 1010 3205 puer
1052 3140 1134 3189 relabi
1148 3141 1289 3191 admonius
1302 3144 1396 3193 arduos
1408 3144 1490 3207 magis
1502 3144 1593 3193 mirum

466 3224 499 3258 ex
511 3208 573 3256 aula
585 3214 624 3257 est
643 3222 706 3271 puer
719 3206 804 3268 regins
824 3206 1009 3271 (liaiglicber
1052 3208 1112 3270 erit,
1132 3224 1206 3273 quam
1219 3210 1262 3274 qui
1282 3206 1356 3275 plano
1370 3212 1443 3263 alueo
1466 3212 1592 3261 seruntur.

468 3274 563 3339 Paga).
1054 3276 1116 3341 Apte
1147 3276 1286 3327 Latnbinus
1316 3280 1432 3331 laudauit
1461 3280 1592 3346 Euripidis

518 3342 599 3391 'l-8.
626 3342 732 3406 capillis
750 3342 788 3391 ad
804 3342 934 3407 matiam
951 3347 1009 3393 rto·
1052 3343 1119 3395 bled.
1134 3346 1200 3395 410:
1224 3338 1281 3396 ilva
1296 3350 1432 3417 ποταμῶν
1443 3348 1526 3416 ἱερῶν
1534 3365 1593 3415 χω-

466 3417 559 3461 tuetur
571 3414 674 3459 unctis.-
689 3410 761 3475 lepor
773 3410 832 3459 binc
844 3410 910 3473 quod
925 3410 1008 3461 iccius
1052 3414 1131 3481 ροῦσι
1157 3418 1263 3480 παγαί,
1295 3424 1323 3466 et
1348 3418 1509 3482 prouerbium
1533 3417 1592 3466 iube

466 3479 568 3529 iuturus
590 3479 676 3528 uictor
694 3477 809 3528 Orientis
832 3478 961 3528 luxuriam
982 3488 1009 3529 et
1051 3484 1161 3544 ductum,
1176 3484 1249 3534 cuius
1261 3486 1377 3535 meminit
1389 3485 1479 3536 Cicero
1493 3487 1525 3535 ad
1538 3485 1592 3535 Att.

466 3547 576 3597 delicias
589 3547 687 3597 imitari
700 3548 838 3610 cogitatur.
860 3546 926 3597 Puer
937 3550 1008 3613 prin·
1051 3550 1099 3601 XV
1118 3554 1147 3599 4:
1174 3558 1201 3601 si
1224 3569 1288 3604 atero
1313 3558 1399 3604 etiam
1419 3554 1592 3620 Carfulenus,

464 3616 557 3682 cipalis
577 3624 605 3666 et
622 3616 732 3666 delicate
751 3622 889 3666 exornatus
907 3618 1007 3682 potanti
1052 3611 1109 3671 ἄνω
1123 3636 1197 3670 ποτα
1221 3622 1268 3672 ὢν.

465 3685 566 3735 donnino
578 3685 667 3751 pocula
680 3685 849 3735 ministrabit.
877 3684 918 3734 cl.
933 3685 1008 3735 lnue-
1106 3689 1185 3738 13—1
1210 3724 1216 3737 .
1237 3695 1371 3755 coemptos
1390 3688 1593 3752 aadr'qaenobi·

465 3754 532 3804 nalis
549 3753 571 3803 V
591 3754 640 3803 562
659 3755 719 3820 flos
737 3756 819 3805 Asiae
836 3759 902 3803 autc
918 3757 1007 3820 ipsum
1051 3756 1088 3805 los
1109 3757 1192 3807 libros
1208 3756 1456 3807 Parasite-nobiles
1475 3754 1593 3807 Panaetii

465 3823 604 3886 (domiuum
625 3826 692 3886 cst);
718 3823 785 3873 idem
805 3838 832 3870 u.
846 3823 895 3871 60:
921 3828 1009 3873 nescit
1052 3824 1113 3873 libri
1132 3833 1191 3874 sunt
1208 3826 1250 3888 qui
1269 3825 1348 3873 multu
1372 3822 1439 3871 lama
1457 3824 1522 3889 apud
1545 3823 1594 3873 liu-

466 3896 510 3941 tot
519 3892 630 3941 milibus
651 3896 755 3956 creptae
771 3892 938 3957 pauperibus
956 3896 1008 3941 mi·
1050 3908 1138 3941 inanes
1161 3893 1334 3953 celebrantur,
1360 3889 1457 3941 Graeca
1478 3892 1591 3943 κλεινοί.

463 3974 538 4008 scere
556 3975 639 4023 paor,
664 3960 713 4009 sed
725 3961 839 4024 forma,
865 3960 915 4009 scal
931 3966 1007 4009 octar
1051 3960 1165 4009 Orellius
1186 3960 1217 4009 ad
1237 3960 1310 4009 iidem
1329 3959 1390 4007 libri
1403 3957 1553 4011 Turicensis
1566 3972 1593 4011 et

465 4028 548 4093 digua
557 4030 709 4090 supercilio.
725 4028 863 4077 Suetonius
872 4026 948 4077 Caes,
957 4028 1005 4077 49:
1050 4028 1163 4093 exemplo
1187 4028 1286 4077 Bent'lei
1312 4028 1417 4093 scripsit
1446 4030 1542 4079 nobilis
1566 4037 1593 4080 ct

467 4096 700 4146 Gaiusblcmmius
710 4097 747 4146 ad
756 4098 883 4163 cyatbam
895 4100 1007 4146 stetisse
1050 4096 1196 4158 geratinum
1209 4111 1266 4145 ense
1279 4096 1400 4159 credidit,
1416 4098 1519 4148 collatis
1532 4098 1590 4163 lipl.

463 4164 605 4214 Nicomedi
609 4165 759 4224 (Caesarem
767 4172 894 4229 mmquam
901 4179 1006 4229 puerum
1051 4164 1059 4213 l
1076 4164 1107 4213 19
1120 4164 1167 4213 39:
1189 4165 1323 4215 nobilium
1335 4168 1503 4231 scriptoram
1516 4167 1592 4216 aotli-

464 4232 602 4283 delicatum
613 4249 683 4283 more
696 4232 822 4295 orientis)
836 4234 941 4281 obiecit.
1050 4236 1108 4294 tor,
1134 4230 1189 4281 Cic.
1205 4230 1270 4283 Phil.
1286 4232 1309 4284 V
1323 4236 1337 4283 b
1351 4234 1485 4298 Pbactlri,
1504 4236 1592 4301 pbilo-

513 4302 619 4351 9-10.
639 4302 734 4353 doctas
746 4316 857 4350 —arcu
873 4304 1006 4368 paterno:
1048 4302 1129 4365 sopla’
1139 4301 1246 4351 nobilis.
1264 4300 1313 4352 Sed
1328 4304 1396 4366 binc,
1411 4304 1477 4367 quod
1485 4302 1590 4353 Romani

463 4376 492 4419 ut
504 4370 576 4434 pueri
589 4370 698 4435 pretium
710 4376 844 4433 augeatur,
862 4381 894 4416 ex
907 4366 1006 4415 artibus
1047 4369 1238 4433 philosophum
1256 4373 1371 4423 nobilem
1392 4379 1419 4421 et
1430 4376 1591 4437 scriptorem

463 4438 520 4487 eins
532 4452 583 4488 uua
594 4440 731 4504 praecipua
744 4449 771 4487 ct
787 4435 872 4502 patria
883 4449 1006 4484 memora·
1048 4438 1162 4487 nobilem
1176 4437 1272 4502 dicunt,
1293 4456 1340 4489 nnn
1353 4441 1517 4505 consequitur
1529 4440 1608 4498 licu·‚

463 4514 514 4556 tur.
567 4511 691 4571 sagittae
702 4506 828 4556 Sericas:
849 4503 959 4565 sagittae
973 4518 1006 4551 ex
1048 4505 1100 4555 isse
1113 4506 1273 4558 Panaetium
1286 4509 1418 4571 nobilem,
1438 4508 1592 4559 Pisandrum

462 4574 559 4623 ultimis
572 4574 661 4623 Serum
674 4574 727 4623 oris
744 4573 841 4638 petitas
859 4571 891 4619 ob
911 4570 1005 4621 lacrum
1048 4575 1162 4625 nobilem
1187 4591 1280 4641 ponere
1304 4578 1356 4640 sic,
1382 4584 1410 4626 ut
1431 4578 1527 4627 nobilis
1548 4576 1592 4626 ab·

372 4650 378 4665 ·
463 4642 498 4689 ibi
513 4642 775 4707 praestantissimum,
797 4637 1004 4690 Pliu.XXXllll
1048 4642 1137 4693 iectiui
1156 4644 1356 4709 uiceiungatur.
1384 4645 1457 4695 immo
1476 4646 1591 4695 boclieri
