3884 5525
822 670 957 721 arduos
976 672 1002 723 5.
1291 726 1295 735 ,
1411 677 1472 737 437

556 841 768 903 formidolosis
784 842 973 904 dumlatent
989 824 1079 905 siluis
1095 845 1181 907 laraa
1215 812 1225 829 ³
1441 857 1474 907 aa

598 952 681 1014 dulci
698 968 809 1031 sopore
824 954 1001 1031 languidae,

556 1104 675 1166 senem,
693 1092 774 1165 quod
790 1105 899 1152 omnes
915 1093 1049 1169 rideant,
1067 1093 1243 1155 adulterum
1307 1168 1310 1177 ,

598 1200 717 1262 latrent
733 1196 917 1263 Suburanae
933 1218 1028 1265 canes

556 1338 653 1398 nardo
668 1312 864 1414 perunctum,
883 1339 976 1414 quale
992 1356 1052 1403 non
1068 1342 1239 1417 perfectrus

600 1462 688 1508 meae
702 1447 875 1510 laborarint
890 1464 1014 1511 manus.

482 1623 489 1685 3
560 1584 632 1658 quid
649 1586 784 1646 accidit?
800 1600 857 1647 cur
872 1585 939 1647 dlra
955 1586 1105 1681 barbarae
1121 1587 1225 1648 minus
1277 1618 1283 1629 ·

601 1706 721 1755 uenena
736 1692 866 1757 Medeae
882 1696 1011 1757 ualent?
1066 1782 1088 1793 ..

557 1830 670 1904 quihus
686 1831 850 1905 superbam
867 1831 949 1907 lugit
963 1832 1029 1894 ulta
1047 1834 1208 1909 paelicem,

601 1942 706 2018 magni
722 1935 870 2003 Creontis
886 1942 993 2020 liliam,

419 2096 462 2144 55.
483 2094 655 2143 formidolosis
669 2095 851 2160 garandiam,
872 2096 1048 2147 formidulosis
1061 2099 1121 2162 Ag.-
1142 2096 1322 2148 formidolosae
1334 2098 1358 2148 B
1368 2113 1404 2164 pr
1416 2100 1479 2159 1183
1557 2118 1561 2125 ·

349 2164 439 2217 Acron
453 2164 780 2243 commeptatorCrapua‘a'.
852 2166 999 2245 damllgm:
1016 2168 1072 2230 eA,
1092 2167 1226 2226 aamBSg.
1333 2167 1375 2217 56.
1396 2167 1478 2217 dulcis

351 2232 679 2366 apppppeahpplpopopppp)
692 2235 726 2284 A·
795 2234 1001 2353 (lilinglllggrqmnt
1010 2304 1077 2353 BHS
1085 2235 1331 2353 imam-dmin,
1342 2235 1479 2356 Remigii

349 2318 384 2433 pp
404 2338 554 2419 laboraru'nt
567 2385 593 2429 ς.
671 2336 678 2350 ·
699 2370 742 2420 dl.
762 2339 872 2419 barbare
885 2372 919 2420 A.
1034 2319 1230 2436 (idgsuparbam
1244 2372 1308 2436 Bgm
1321 2341 1464 2423 lllandiaa'r'
1470 2393 1478 2422 .-

350 2439 459 2505 superha
471 2438 570 2497 Adse.
642 2437 692 2489 luit
703 2439 737 2489 ll.
809 2439 932 2503 paelicem
945 2440 986 2491 A:
1006 2440 1114 2505 polirem
1128 2439 1224 2505 BHSg.

352 2582 546 2634 rloloriruerba
559 2582 615 2632 aius
634 2584 783 2645 ostendunt,
805 2599 894 2649 quam·
936 2584 1027 2635 diores
1050 2590 1125 2637 terra
1149 2585 1224 2635 tutta.
1261 2586 1417 2636 laborarint
1439 2596 1479 2637 est

351 2668 425 2718 qaam
448 2650 488 2700 liis
509 2667 641 2717 perperam
665 2653 835 2717 praepositum
855 2661 894 2703 est
935 2654 1062 2705 laborare
1085 2657 1152 2716 (curn
1174 2652 1262 2703 labore
1280 2655 1383 2718 parare)
1402 2663 1479 2721 potc-

344 2720 548 2788 sormr'dolosae
566 2737 611 2787 pro
625 2720 838 2787 formidolosis,
861 2722 894 2773 ad
936 2728 1011 2774 rarat.
1040 2722 1149 2774 Canidia
1170 2730 1198 2774 ut
1220 2722 1333 2790 perlecta
1356 2726 1479 2776 meretrix

352 2806 463 2840 errorem
475 2791 593 2840 inductus
604 2805 617 2838 a
628 2806 673 2839 suo
684 2799 893 2855 commentatore,
937 2795 1057 2858 optimam
1072 2793 1177 2842 nardum
1191 2808 1283 2858 parare
1302 2794 1389 2844 callet.
1415 2795 1479 2845 Hinc

351 2859 394 2909 ubi
407 2859 503 2921 legitur
512 2859 727 2923 formidolosae,
747 2861 892 2910 timcndae.
936 2862 1092 2911 scholiastae
1109 2862 1303 2924 unguentariam
1317 2877 1387 2912 suam
1402 2865 1479 2914 stulte

352 2927 459 2992 Craqaii
471 2929 562 2976 uitium
575 2929 742 2992 deprehendit
755 2929 893 2978 Bentleins.
937 2929 1097 2980 effinxerunt.

404 2997 447 3046 57.
466 2997 540 3061 qaod
552 3011 643 3045 omncs
656 2997 781 3046 rideant.-
800 2997 896 3046 ridicu·
990 3000 1031 3049 dl.
1050 2997 1096 3048 llio
1107 2998 1293 3064 aliquantisper
1302 3005 1420 3064 expectat
1431 2999 1481 3050 Ca-

352 3067 403 3116 ium
415 3065 475 3128 erit,
488 3066 510 3114 ai
524 3079 602 3114 senex
615 3066 895 3130 adulteramreqairet,
938 3067 1024 3130 pidia,
1049 3068 1107 3117 dnm
1132 3067 1219 3116 ueniat
1241 3066 1339 3131 Vama,
1366 3067 1481 3118 incanta-

353 3135 374 3185 ai
388 3133 471 3184 media
483 3141 556 3184 nocta
566 3141 694 3199 tamqnam
706 3134 747 3184 l'ur
759 3151 775 3185 a
787 3135 895 3185 canibus
937 3144 1023 3187 manto
1041 3137 1142 3186 uinctus
1161 3142 1187 3184 et
1204 3137 1311 3185 uenenis
1330 3137 1479 3188 arcessitus.

353 3203 531 3265 allatraltitnr,
557 3203 580 3252 si
605 3205 684 3253 nardo
709 3204 895 3270 pretiosissimo
939 3204 1201 3270 Quamnemoueoit,
1216 3205 1481 3256 mirabundacausam

351 3280 490 3338 perunctus
503 3273 639 3334 adueniat,
654 3280 682 3323 nt
694 3274 828 3324 adulterae
841 3274 897 3339 pia·
939 3275 1052 3340 anquirit
1065 3291 1095 3324 ac
1108 3289 1165 3324 mox
1176 3275 1280 3339 reperit.
1297 3273 1347 3324 Sed
1359 3289 1415 3324 nam
1426 3291 1482 3340 spe-

351 3348 412 3390 eeat
423 3340 469 3399 (ai.
483 3338 566 3390 Plauti
580 3340 710 3391 Casioall
724 3343 739 3391 3
752 3342 790 3397 9).
938 3359 998 3394 rare
1011 3343 1094 3409 potuit
1107 3343 1214 3394 Canidia
1231 3344 1293 3406 hoc,
1313 3359 1412 3394 aecana
1427 3359 1441 3393 a
1455 3359 1482 3393 sc

405 3409 519 3458 tt-ts.
537 3425 623 3459 ranem
635 3437 671 3447 -
683 3411 838 3460 adulteram
857 3411 897 3459 la·
938 3414 1013 3462 modo
1026 3415 1131 3462 decocta
1144 3427 1176 3461 ex
1189 3420 1322 3477 praesente
1338 3413 1393 3462 ioco
1403 3428 1482 3478 usquc

355 3477 896 3529 trealSuluranaccarraarsanemumore
940 3482 971 3530 ad
986 3482 1085 3529 domum
1099 3479 1161 3530 Vari
1174 3487 1340 3546 penetratura
1356 3483 1430 3531 esse?
1455 3481 1481 3530 ld

352 3547 479 3614 percitum
499 3554 525 3596 et
543 3555 707 3612 quaerentem
720 3548 840 3597 adulterii
855 3563 898 3596 oo·
940 3549 1044 3600 nimium
1059 3549 1126 3598 ioret
1139 3557 1164 3598 et
1177 3549 1279 3598 obstant
1296 3549 1375 3598 uerba
1393 3565 1419 3597 ιι.
1435 3550 1481 3597 lt:

353 3615 492 3677 aeriorem,
507 3630 562 3665 cum
581 3618 665 3666 media
686 3624 759 3666 nocta
772 3617 804 3665 ad
817 3629 899 3664 mere·
939 3621 1029 3668 maa'aa
1048 3618 1191 3680 instandum
1206 3616 1483 3681 m'disarta'dr'antr'po-

352 3685 432 3734 trices
445 3685 470 3733 in
484 3683 609 3734 Suburam
629 3685 715 3748 uenit,
735 3699 814 3734 canes
831 3683 897 3732 alia·
939 3687 1039 3735 aulam.
1058 3683 1204 3732 Statuamus
1222 3684 1302 3746 igitur
1318 3685 1433 3748 poculum
1448 3683 1484 3731 si-

353 3761 434 3803 traat.
463 3753 563 3802 Etenim
580 3754 607 3803 ia
627 3753 726 3803 Subura
751 3753 898 3818 irequaolea
939 3754 999 3804 mile
1013 3751 1070 3800 huic
1083 3752 1148 3816 quod
1162 3751 1234 3798 modo
1250 3751 1328 3814 coxit,
1344 3749 1410 3800 Varo
1424 3751 1483 3802 olim

353 3823 513 3872 meretrices.
534 3821 664 3873 Martialis
683 3822 715 3872 vl
736 3824 784 3874 dd:
797 3816 898 3888 sam'aa
939 3822 1048 3872 inlusum
1073 3827 1100 3868 et
1124 3819 1192 3868 inter
1216 3819 1304 3885 epulas
1329 3833 1483 3884 quocumque

284 3887 291 3898 ‘
353 3892 784 3957 aonnlma'umloaaepnellam,
806 3891 898 3958 parler
940 3890 1015 3942 modo
1036 3890 1121 3937 datum
1144 3903 1210 3937 esse.
1238 3887 1286 3936 Sed
1308 3901 1356 3952 quo
1376 3888 1484 3938 consilio

354 3963 383 4009 ia
401 3959 490 4009 media
509 3960 604 4009 radant
621 3960 740 4010 Sutura.
760 3956 898 4010 PersiusV
941 3973 1031 4011 rursus
1044 3971 1142 4006 uenena
1156 3969 1222 4006 nune
1239 3956 1358 4022 peramat
1378 3957 1484 4023 primum

355 4028 398 4077 aa.
419 4027 446 4077 lu
462 4027 564 4078 Subura
582 4029 660 4078 etiam
674 4029 806 4078 Canidiam
826 4027 900 4077 habi·
941 4037 970 4078 nt
990 4028 1062 4076 nouis
1080 4026 1169 4092 opibus
1188 4041 1215 4075 se
1237 4025 1364 4088 instruat,
1385 4034 1437 4076 tum
1456 4034 1485 4076 ut

354 4104 451 4146 tantem
476 4097 654 4160 cogitabimus.
686 4098 806 4147 latrare
833 4111 899 4145 nunc
941 4097 1014 4165 paeri
1026 4095 1160 4145 medullam
1174 4101 1199 4143 et
1214 4093 1284 4144 iecur
1297 4095 1388 4159 addat,
1406 4097 1427 4144 si
1441 4111 1485 4144 aa·

355 4181 400 4231 pro
419 4166 568 4228 allatrare,
587 4173 616 4215 ot
629 4163 684 4230 lipl.
702 4165 710 4214 l
731 4167 803 4216 ado.
823 4166 900 4214 Cale·
943 4181 1009 4217 nana
1022 4165 1104 4214 adhuc
1117 4165 1255 4230 composita
1271 4162 1363 4214 Varum
1380 4179 1428 4214 non
1442 4165 1486 4214 ad·

355 4249 411 4283 mm
428 4235 537 4284 aduller
550 4233 661 4298 (Balla)
676 4232 760 4283 Varus
778 4249 810 4283 ex
823 4233 901 4282 Coni-
943 4237 1046 4285 ducant.
1243 4239 1248 4250 ‘

356 4302 415 4352 diae
433 4310 518 4352 menta
539 4310 665 4365 uocatur,
685 4310 715 4352 nt
733 4304 774 4367 qui
794 4303 900 4352 uenenis
996 4301 1119 4352 iol-ol.
1144 4300 1204 4350 dira
1228 4302 1361 4351 barbarae
1383 4315 1485 4350 nerano

356 4371 440 4421 uiator
453 4372 564 4436 puellam
576 4371 722 4421 adulterare
733 4371 806 4421 uelit.
821 4369 901 4420 Poeta
944 4372 1067 4423 Medeae:
1087 4385 1133 4420 sua
1152 4385 1252 4420 uenena
1271 4369 1358 4418 eadem
1373 4375 1429 4417 arla
1443 4383 1486 4433 pa·

357 4441 421 4490 nihii
433 4441 519 4505 prolrri
531 4439 601 4490 Varo
614 4441 733 4505 aspersit.
944 4449 1003 4491 rata
1023 4455 1079 4490 esse
1098 4437 1160 4488 dicit
1178 4446 1203 4488 at
1216 4437 1319 4504 perinde
1333 4435 1444 4486 efficacia
1458 4443 1487 4485 ut

407 4510 521 4560 stt-60.
542 4510 668 4575 quale-
681 4511 903 4560 laborarintma-
944 4511 1007 4572 illa,
1030 4524 1095 4576 quae
1117 4509 1226 4558 umnam
1248 4506 1292 4570 (ex
1314 4505 1432 4554 barbaris
1454 4505 1486 4554 ad

356 4591 425 4627 aas:
445 4579 471 4627 ll.
486 4593 511 4628 a.
530 4593 579 4643 quo
599 4593 647 4627 non
660 4577 800 4644 perfectius
813 4578 837 4625 id
852 4584 901 4637 est,
945 4577 1060 4628 Graecos
1073 4577 1192 4639 aduecta)
1204 4575 1293 4626 Medea
1306 4573 1364 4622 olim
1375 4573 1485 4623 miscuit.

357 4646 422 4709 qnod
435 4661 507 4697 meae
520 4646 665 4697 laborarint
675 4663 773 4697 manus.
795 4645 903 4696 Serm.l
958 4651 963 4696 1
998 4645 1130 4697 da-oo.
1161 4645 1230 4696 Haec
1254 4645 1285 4693 de
1311 4641 1407 4692 Creusa
1432 4643 1487 4692 siue

357 4715 435 4764 541:
452 4718 579 4778 amimae,
599 4715 694 4781 parler
715 4731 799 4780 aeque
811 4715 904 4765 rarrda‘-
946 4716 1044 4766 Glauca
1063 4716 1197 4780 absumpta
1213 4727 1259 4779 par
1270 4712 1363 4779 pallam
1377 4712 1436 4761 tabo
1450 4711 1488 4761 in·
