3884 5525
648 664 705 717 vu.
731 633 1180 719 usuovtscuuuuutuvseu.
1419 688 1477 731 xxa
1512 721 1516 729 .

343 832 477 899 educauit.
504 834 587 897 llaec
609 834 709 899 omnia
731 835 904 900 namatioue
926 856 1053 899 amoena
1072 835 1225 899 uobiscum
1248 839 1478 903 communicauit

343 943 365 1005 l.
383 963 411 1004 c.
427 940 569 1005 uersibus
587 942 705 1018 1-58,
717 942 797 1005 unde
812 964 905 1026 panca
919 942 1047 1021 subieci,
1062 954 1094 1007 ut
1104 942 1217 1008 uostris
1232 942 1327 1009 oculis
1342 945 1477 1029 aspicere

342 1048 495 1132 passimus
517 1068 605 1131 quem
626 1047 768 1111 alacriter
788 1060 820 1112 et
839 1049 968 1113 libenter
988 1050 1019 1113 iu
1043 1050 1098 1113 boc
1121 1070 1224 1134 eampo
1247 1062 1396 1134 tamquam
1421 1076 1476 1118 suo

343 1155 531 1217 decurrenits
555 1174 636 1237 ergo
656 1153 714 1215 uti
731 1176 779 1217 use
796 1158 831 1217 t'n
845 1166 964 1219 montes
979 1167 1012 1219 et
1025 1158 1057 1219 t‘u
1073 1176 1176 1221 urcem
1193 1176 1235 1219 ea>
1248 1157 1324 1221 urbe
1345 1162 1474 1239 resumi,

344 1260 422 1347 quid
432 1262 528 1345 prius
543 1260 697 1322 illustrem
712 1263 823 1323 suteris
837 1261 995 1347 Missaque
1003 1263 1169 1348 pedestri?
1184 1262 1292 1327 Secuta
1308 1276 1356 1331 est
1370 1268 1476 1331 eodem

335 1388 424 1431 anno
446 1364 544 1449 ampla
565 1366 659 1429 satira
681 1367 887 1453 tertiatcoui.
910 1369 1051 1432 Prooem.
1077 1369 1173 1431 Serm.
1194 1370 1218 1433 ll
1234 1374 1253 1435 3
1272 1382 1303 1434 et
1319 1374 1372 1455 lips
1395 1394 1475 1439 anno

343 1473 484 1557 proximo
501 1474 564 1536 726
578 1472 730 1536 iucboauit
743 1473 844 1552 illam,
869 1494 945 1557 qnae
967 1496 1046 1538 nuuc
1068 1475 1163 1559 primo
1179 1476 1245 1539 loco
1262 1476 1372 1563 legitur
1387 1482 1476 1562 (Pro-
1555 1460 1557 1467 Ι

343 1601 423 1643 uem.
449 1579 548 1641 Serm.
571 1578 597 1641 ll
624 1580 677 1663 1),
702 1579 751 1642 ubi
773 1580 915 1645 Trebatio
943 1602 962 1645 a
985 1582 1086 1645 satiris
1117 1582 1287 1647 dehortanti
1316 1587 1476 1669 respondet

344 1690 391 1769 (ιι.
411 1686 555 1766 57-60)
571 1704 640 1749 sese
654 1706 672 1747 a
687 1682 854 1749 scribendis
870 1688 972 1751 satiris
987 1688 1071 1751 nullu
1088 1688 1196 1751 timore
1211 1690 1355 1753 deterreri
1371 1712 1473 1774 posse,

209 1807 216 1835 0
343 1794 446 1855 sedin
462 1792 542 1855 omni
558 1794 679 1854 lortuua
694 1794 829 1875 scribere
843 1794 934 1857 uelle.
966 1794 1105 1874 Quintam
1122 1778 1254 1859 eiusdem
1271 1797 1338 1860 libri
1354 1798 1475 1861 satiram

342 1920 424 1963 auno
441 1900 503 1961 727
520 1902 590 1978 (27)
607 1901 783 1982 composuit.
809 1902 841 1963 lu
863 1902 974 1964 ceteris
998 1904 1044 1985 (2,
1062 1904 1095 1979 4,
1115 1902 1145 1979 7,
1165 1902 1198 1981 8)
1220 1904 1356 1985 quamuis
1378 1904 1475 1971 desint

343 2007 476 2089 liquidae
492 2016 658 2089 temporum
674 2018 774 2083 uotae,
789 2018 889 2069 tamen
901 2024 941 2069 ex
955 2007 1017 2071 illis
1032 2028 1108 2090 quae
1123 2010 1219 2073 adbuc
1235 2010 1374 2095 exposita
1389 2021 1471 2089 suut,

342 2113 489 2197 colligere
504 2111 576 2175 licet
590 2110 717 2175 alterum
732 2132 904 2176 sermonum
926 2114 1066 2177 uolumen
1082 2134 1161 2178 anno
1178 2118 1241 2179 lere
1257 2118 1319 2180 728
1336 2118 1406 2201 (26)
1421 2116 1474 2181 at-

342 2221 475 2283 snlutum
491 2238 571 2282 esse.
595 2218 640 2280 Ad
656 2240 765 2283 nouum
781 2238 876 2303 genus
894 2240 1086 2301 sermonum,
1112 2224 1264 2307 epistulas
1285 2224 1370 2300 dieo,
1394 2244 1473 2288 anuo

343 2326 428 2389 urbis
444 2327 508 2391 733
523 2328 583 2408 (21·
598 2348 628 2388 a.
647 2326 748 2408 Chr),
774 2336 806 2389 ut
820 2347 875 2390 suo
891 2326 956 2389 loco
973 2328 1121 2403 uidimus,
1145 2329 1293 2411 peruenit.
1318 2331 1376 2393 Per
1399 2342 1473 2394 tem·

344 2433 426 2517 poris
442 2432 570 2516 spatium
587 2434 664 2515 quod
679 2432 852 2495 intercessit
866 2433 903 2495 ab
918 2454 997 2496 anno
1015 2435 1076 2497 729
1097 2454 1191 2516 usque
1213 2436 1249 2497 ad
1274 2418 1352 2513 732,
1377 2456 1472 2501 nouas

343 2539 456 2602 satiras
470 2539 528 2601 iam
545 2560 606 2601 non
621 2540 747 2616 iecisse,
767 2540 820 2602 sed
836 2559 873 2601 eo
888 2560 962 2603 usus
977 2540 1097 2603 uidetur
1111 2560 1196 2618 esse,
1220 2550 1254 2603 ut
1268 2542 1364 2603 adbuc
1380 2543 1472 2607 lactas
1585 2566 1590 2577 ·

345 2645 529 2729 perpoliret‚
560 2660 658 2708 nouos
679 2666 836 2709 sermones
859 2646 958 2708 animo
986 2646 1181 2709 meditaretur
1203 2655 1234 2707 et
1253 2644 1333 2709 iutra
1353 2666 1387 2710 se
1407 2648 1472 2733 ipse

344 2755 560 2816 conformaret.
690 2731 696 2742 ’

428 2860 489 2923 lam
505 2861 542 2922 de
557 2859 642 2922 libris
656 2881 829 2923 sermonum
850 2870 881 2922 et
901 2860 1066 2924 carminum
1086 2858 1118 2920 in
1141 2857 1248 2942 uulgus
1272 2859 1359 2922 editis
1381 2860 1472 2944 dispi-

343 2966 469 3030 eiemus.
498 2965 675 3050 Incipiamus
690 2987 707 3029 a
723 2963 911 3030 sermonibus
926 2966 994 3029 siue
1015 2965 1129 3029 satiris.
1153 2965 1185 3027 ln
1203 2965 1248 3028 bis
1266 2966 1323 3028 tria
1339 2967 1471 3050 tempora

342 3074 541 3136 discernenda
558 3083 646 3150 suut,
658 3073 789 3160 primum
805 3073 855 3135 ubi
871 3073 1004 3155 singulas
1020 3073 1147 3147 satiras,
1175 3081 1208 3135 ut
1229 3073 1397 3156 perfecerat
1411 3074 1472 3136 siu·

342 3179 440 3262 gulas,
457 3180 564 3244 amicis
580 3181 723 3253 Horatius
739 3179 878 3243 recitauit
893 3179 954 3261 (tt
974 3183 1047 3260 73),
1070 3179 1196 3242 alterum
1212 3178 1260 3242 ubi
1277 3199 1330 3262 pro
1346 3179 1472 3263 singulis

342 3286 533 3350 sermonibus
554 3299 647 3350 totum
669 3287 810 3350 uolumen
832 3309 899 3350 cum
921 3287 1118 3351 familiaribus
1137 3285 1386 3364 communicauit,
1411 3299 1473 3350 ten-

342 3393 415 3456 tium
433 3393 482 3455 ubi
498 3393 574 3457 duos
589 3393 680 3456 libros
696 3395 777 3455 omui
793 3394 901 3478 populo
922 3394 1055 3456 tradidit.
1080 3393 1211 3456 Primum
1235 3393 1396 3456 satirarum
1418 3414 1472 3455 uo·

343 3499 443 3562 lumen
460 3501 558 3562 addita
575 3499 690 3562 decima
706 3520 766 3562 uou
782 3501 832 3563 diu
853 3509 923 3562 aute
944 3503 1072 3583 pugnam
1087 3499 1240 3562 Actiacum
1262 3497 1422 3580 compleuit
1443 3509 1473 3560 et

344 3605 504 3668 absoluere
519 3606 626 3683 uoluit,
650 3607 679 3668 id
696 3608 773 3689 quod
789 3607 854 3690 ipse
869 3607 1012 3668 indicauit
1027 3617 1178 3688 postremo
1194 3625 1302 3668 uersu:
1327 3607 1355 3680 ι’,
1373 3625 1470 3688 puer,

342 3723 437 3797 utque
452 3716 615 3775 menuitur
629 3713 709 3776 boec
723 3713 884 3775 subscribe
900 3697 1017 3775 libello.
1044 3711 1114 3773 Hoc
1130 3721 1229 3774 tamen
1253 3733 1312 3774 non
1331 3712 1367 3774 de
1381 3711 1471 3773 tertio

342 3819 511 3903 publicandi
534 3820 639 3896 modo,
665 3821 716 3882 sed
737 3820 774 3882 de
789 3819 919 3882 secundo
934 3818 1136 3900 accipiendum
1152 3837 1219 3880 esse
1234 3836 1289 3880 suo
1305 3818 1372 3880 loco
1389 3837 1473 3880 mon·

211 3974 215 3984 .
343 3926 439 3989 straui
462 3925 547 4008 (lege
570 3925 740 3988 Commeat.
765 3927 802 3990 ad
824 3927 921 3990 Serm.
946 3925 958 3986 l
984 3926 1021 3987 10
1045 3927 1114 4005 92).
1140 3923 1267 3988 Perinde
1288 3924 1471 4008 temporibus

342 4053 422 4095 anno
445 4032 529 4095 urbis
555 4034 616 4095 728
632 4036 688 4115 (26
711 4055 740 4096 u.
765 4033 855 4114 cur.)
878 4033 1023 4116 proximis
1052 4031 1139 4094 etium
1164 4031 1290 4094 alterum
1312 4030 1419 4094 librum
1442 4032 1471 4093 iu

341 4161 448 4202 manus
469 4138 632 4201 amicornm
659 4141 790 4204 cessisse
811 4141 934 4202 credere
955 4139 1043 4214 licet,
1071 4138 1205 4220 quamuis
1228 4139 1293 4202 eius
1321 4138 1366 4199 rei
1386 4139 1472 4202 testis

341 4257 443 4309 certus
458 4245 584 4328 produci
599 4267 660 4308 nou
675 4249 778 4330 possit.
795 4245 864 4308 Toti
879 4246 1043 4328 legentium
1057 4245 1159 4326 generi
1175 4257 1206 4306 et
1220 4245 1353 4308 tabernis
1369 4245 1473 4307 Sosio-

328 4350 405 4415 'rum
423 4353 478 4416 bos
493 4351 587 4419 libros
603 4346 663 4416 lum
681 4355 799 4416 demum
815 4353 977 4428 commisit,
995 4373 1060 4414 cum
1078 4353 1113 4413 ad
1130 4371 1257 4435 unguem
1275 4373 1367 4434 usque
1383 4351 1473 4414 casti-

341 4470 427 4540 gatos
450 4469 482 4522 et
504 4459 642 4523 omnibus
666 4461 800 4542 partibus
821 4458 984 4542 perpolitus
1010 4469 1165 4542 exegerat.
1191 4459 1274 4520 Hunc
1297 4458 1414 4521 tertiam
1438 4475 1472 4516 ac

343 4577 524 4647 postremam
548 4566 726 4630 Sermonum
753 4567 913 4629 editionem
937 4565 1076 4643 euenisse¹
1097 4585 1176 4626 anuo
1202 4567 1283 4641 733,
1309 4564 1346 4624 it
1361 4581 1416 4642 ego
1440 4559 1471 4620 iu

344 4671 558 4734 commentario
581 4673 617 4736 ad
640 4673 705 4756 Epl.
726 4673 737 4735 l
761 4676 781 4735 4
802 4669 1049 4736 commonstraui.
1071 4670 1221 4734 Nimirum
1242 4668 1295 4730 illo
1317 4687 1395 4728 anno
1417 4687 1472 4728 no-
