3884 5525
923 684 927 695 ἢ
954 611 1093 663 nondun

667 798 738 845 cum
753 784 809 845 titi
824 783 948 844 inuisus
963 782 1129 845 lacerande
1144 782 1253 844 reddet
1344 837 1350 847 .

669 910 788 957 cornua
803 899 927 957 teurus.

670 1062 750 1109 uxor
765 1049 876 1109 inuicti
892 1044 980 1109 louis
996 1062 1066 1110 esse
1082 1022 1207 1108 nescis?

669 1160 757 1221 mitte
773 1160 945 1235 singultus,
965 1160 1043 1219 bene
1058 1158 1144 1244 ferre
1157 1172 1302 1235 magnam

667 1270 752 1331 disce
769 1270 946 1331 fortunam:
964 1273 1019 1331 tue
1036 1274 1143 1349 septus
1159 1271 1244 1332 orbis

667 1382 794 1443 nomina
810 1372 924 1443 ducet.
948 1408 951 1418 ·

942 1632 1094 1701 xxvm.

668 1782 764 1847 Festo
780 1784 851 1861 quid
871 1784 976 1861 potius
992 1783 1041 1843 dte

669 1893 810 1973 Neptuni
827 1896 962 1957 luciam?
977 1909 1083 1971 prome
1099 1894 1295 1957 reconditum

530 2053 573 2101 71.
594 2049 679 2100 reddit
691 2051 745 2137 Ap.

529 2188 566 2237 lle
579 2186 646 2253 (pro
659 2184 703 2251 ed)
716 2186 804 2253 Lyden
817 2187 964 2253 poronetice
978 2187 1009 2237 de
1021 2184 1217 2251 Neptunalibus.
1235 2184 1304 2236 Meti·
1316 2190 1368 2236 eet.
1382 2189 1417 2234 ut
1428 2182 1463 2233 lll
1477 2182 1509 2233 19
1522 2184 1557 2234 Α.

460 2257 624 2327 syllogistice
637 2255 713 2323 lydae
726 2256 760 2307 B.
863 2255 1027 2321 Sillogustice
1040 2255 1123 2305 Lidoe
1135 2246 1167 2305 H.

531 2327 554 2377 1.
574 2324 717 2375 Diomedes
736 2323 770 2374 lll
791 2326 833 2375 et.
950 2323 976 2377 2.
995 2340 1112 2391 promere
1132 2323 1198 2373 oditd
1217 2322 1260 2388 (=
1275 2338 1362 2389 prome
1381 2322 1551 2389 reconditum)
1565 2323 1591 2373 A

458 2412 494 2463 pr
508 2396 539 2445 ll.

512 2530 1003 2583 71—72.comtrti—taerue:mcx
1045 2528 1131 2596 pree
1150 2528 1303 2579 et138eet.
1331 2528 1426 2579 Penius
1444 2544 1477 2579 ex
1495 2527 1587 2579 Festo:

458 2602 554 2651 redibit
566 2607 655 2649 teurus
669 2606 696 2649 et
708 2600 754 2649 tibi
767 2601 864 2666 copiam
878 2601 949 2651 debit
963 2600 1004 2651 la·
1047 2600 1163 2651 Vmbrae
1181 2604 1317 2648 uocantur
1328 2598 1531 2663 Neptunalibus
1544 2614 1590 2648 ea-

458 2670 542 2721 eiendi
556 2684 620 2733 quae
634 2669 706 2718 modo
720 2670 823 2735 optasti.
1045 2667 1236 2733 saefrondeae
1244 2682 1297 2732 pro
1310 2667 1503 2717 tabernaculis.
1527 2665 1590 2716 0bi-

512 2739 554 2789 73.
575 2752 692 2789 neor-
704 2741 823 2788 nesciet:
839 2738 911 2788 breui
924 2751 1003 2804 quae·
1045 2744 1086 2788 ter
1097 2735 1262 2802 Neptunalia
1281 2736 1429 2787 referuntur
1444 2752 1461 2786 a
1472 2734 1590 2787 Varrone

459 2810 541 2861 stione
551 2807 729 2872 grauissimum
739 2807 938 2857 consolationem
949 2807 1004 2857 elo·
1045 2805 1112 2869 (LL.
1128 2805 1160 2856 Vl
1182 2805 1241 2870 19),
1273 2805 1403 2856 Prisciano
1423 2805 1457 2871 (V
1479 2807 1509 2855 10
1529 2804 1588 2870 55),

458 2879 554 2944 quitur,
575 2877 711 2942 operiendo
731 2876 801 2926 illem
820 2891 931 2926 uxorem
951 2877 1002 2925 ium
1045 2875 1213 2940 Neptunales
1240 2875 1302 2924 tude
1325 2874 1518 2924 oTertullieno
1544 2875 1588 2936 (de

424 2965 426 2969 ’
458 2963 525 3010 esse,
548 2961 627 3010 neque
641 2945 783 3008 uirginitati
797 2961 843 2995 cur
857 2946 946 2995 timent
958 2952 1003 2994 eut
1046 2943 1208 3008 Spectaculis
1230 2960 1252 2992 e.
1272 2944 1310 3006 6).
1340 2943 1509 2994 lleuenotium
1530 2942 1589 2994 Nll-

458 3017 550 3066 malum
569 3015 740 3064 conditionem
761 3015 902 3077 bom-esent,
923 3013 1001 3062 ullam
1045 3010 1243 3062 Pl'VblNdLlA
1267 3021 1391 3063 memoret
1412 3013 1502 3062 titulus
1521 3013 1589 3078 opud

458 3098 560 3135 censum
574 3083 676 3132 adesse.
696 3081 936 3132 StructurnGreeen
950 3089 999 3145 est,
1045 3079 1182 3130 Gruterun
1200 3097 1225 3145 p.
1237 3082 1287 3131 460
1301 3081 1333 3144 3,
1354 3082 1514 3132 Comensinm
1532 3082 1589 3132 siue

458 3151 706 3202 denominatim
725 3150 1001 3215 prneceusatiuoiun-
1042 3147 1111 3199 Noui
1139 3149 1208 3198 Comi
1244 3149 1461 3201 NEPTVNdLlA
1494 3151 1589 3200 ibidem

352 3232 356 3238 ’
457 3218 662 3288 ctrrsinlinitiuo.
745 3219 1000 3282 deuictisquininei
1043 3218 1167 3284 petet.
1192 3217 1589 3270 llorelioniserminisocoosio-

457 3288 554 3353 nequit,
569 3287 609 3335 eui
623 3285 708 3336 omnio
721 3299 811 3350 parere
825 3287 928 3336 debent.
1044 3303 1099 3336 ucun
1125 3301 1276 3352 quamquem
1299 3290 1395 3338 certius
1416 3289 1521 3339 delinire
1545 3305 1589 3338 ne-

509 3357 551 3406 75.
578 3360 667 3404 scetus
686 3357 777 3404 orbis:
799 3355 869 3404 orbis
889 3355 920 3404 ab
937 3355 1000 3404 Asin
1043 3371 1118 3420 queo,
1140 3356 1187 3404 boc
1201 3363 1284 3406 tumen
1297 3359 1424 3424 probabili
1438 3359 1588 3409 coniectura

457 3427 520 3476 mori
541 3423 677 3473 dissectus.
709 3421 752 3472 Sic
771 3421 819 3472 llll
838 3425 854 3473 4
874 3425 902 3474 61
926 3429 1000 3475 seete
1043 3424 1148 3474 eredere
1171 3425 1276 3489 licebit,
1295 3428 1418 3492 proximis
1437 3428 1511 3477 annis
1530 3435 1589 3493 post

457 3490 585 3559 (corpore)
600 3499 639 3542 est
651 3507 695 3557 pro
709 3497 822 3542 resecto.
1043 3494 1177 3543 uictoriam
1196 3494 1328 3545 detineam
1350 3497 1412 3560 (723
1429 3517 1456 3541 =
1474 3496 1519 3561 31)
1540 3498 1586 3546 boe

509 3562 625 3612 75-76.
646 3565 879 3612 tua-nomina:
899 3563 1000 3628 poetice
1042 3578 1132 3628 poema
1157 3571 1243 3613 nutum
1268 3581 1335 3615 esse.
1367 3565 1430 3616 Nom
1454 3573 1586 3630 postquem

457 3648 501 3698 pro
521 3637 598 3682 tuum
610 3645 722 3692 nomn,-
743 3628 787 3680 llll
801 3630 816 3678 2
829 3632 862 3680 4:
883 3631 1001 3681 daturus
1045 3633 1110 3696 opud
1125 3632 1225 3682 dotium
1239 3632 1353 3682 fauorem
1367 3632 1477 3701 Neptuni
1490 3633 1587 3684 Caeser

457 3703 566 3751 nornine
578 3704 673 3764 ponto.
694 3699 803 3749 Ouidius
813 3697 912 3751 Tristi
927 3701 938 3750 1
952 3701 998 3750 89:
1045 3699 1202 3750 Octauianus
1223 3711 1343 3766 expertus
1363 3710 1418 3765 est,
1440 3719 1506 3752 enno
1527 3718 1586 3767 pro-

456 3771 550 3821 loarue
563 3769 659 3820 Icariis
672 3769 863 3834 nominaseeil
875 3773 964 3836 aquis.
1043 3770 1112 3819 ximo
1123 3770 1173 3818 724
1186 3770 1229 3819 uel
1239 3771 1288 3820 725
1302 3771 1354 3819 ludi
1364 3769 1521 3835 Neptunales
1535 3787 1586 3831 rne-

1043 3837 1097 3888 iore
1110 3853 1172 3888 cure
1190 3846 1215 3888 ct
1233 3838 1325 3901 gaudio
1343 3839 1409 3886 bend
1429 3838 1506 3887 dubie
1519 3841 1586 3889 eele-

509 3941 594 3991 co·
609 3939 732 3991 xxvu
761 3939 928 3998 mm
959 3941 1000 3992 u
1042 3905 1585 4040 intumuerunttuetur

456 4036 593 4093 vuntlsst'tb
609 4029 692 4096 hyde,
707 4036 824 4080 ueterem
838 4033 999 4097 “milhmin
1041 4043 1165 4092 loetitiom
1176 4049 1203 4091 et
1212 4049 1352 4091 testuretur
1361 4048 1387 4091 et
1396 4011 1582 4108 domproberet.

455 4121 611 4187 depromere
625 4121 704 4184 sesto
721 4119 846 4184 Neptuni
863 4121 914 4170 die.
946 4121 999 4170 Po·
1024 4109 1141 4160 'incerte
1152 4117 1212 4159 sunt
1225 4125 1289 4174 quoe
1302 4111 1583 4180 narrenturcheptu-

454 4209 539 4261 tando
558 4215 586 4260 et
604 4211 739 4261 cantando
756 4209 838 4260 ‘deum
853 4211 999 4261 celebrabi-
1041 4178 1251 4296 mlii'uszlteris'
1295 4229 1297 4233 ’
1410 4253 1416 4265 .
1456 4245 1462 4254 ·

1117 4275 1147 4283 -
1177 4283 1183 4296 .
1204 4246 1284 4313 sesto
1302 4249 1495 4314 -soceomte
1522 4268 1583 4301 non-

453 4316 523 4366 W·
538 4297 658 4363 (Metram
671 4300 699 4366 5)
1034 4316 1111 4378 ‚nulla
1121 4315 1200 4365 uerba
1209 4316 1259 4364 inm
1271 4315 1333 4367 lecit
1345 4333 1401 4368 eum
1412 4319 1494 4369 omico
1507 4335 1584 4385 prae-

505 4385 613 4436 Cnrmeo
629 4385 694 4436 festo
707 4383 745 4436 Ne
763 4385 818 4436 tnui
836 4385 877 4434 die
896 4399 997 4450 compo·
1040 4391 1126 4445 seute3
1148 4384 1205 4434 ideo
1224 4385 1283 4436 bnic
1301 4387 1399 4437 clerum
1420 4404 1477 4439 esse
1496 4388 1584 4438 debuit

452 4455 528 4505 situm
538 4469 595 4506 csse
604 4454 719 4518 lingitur.
755 4451 994 4518 cptuunliae.d.X.
1040 4454 1106 4516 qnod
1130 4453 1170 4504 bis
1187 4454 1275 4505 uerbis
1293 4456 1424 4522 quaesiuit
1443 4457 1580 4506 llorntius:

452 4523 576 4574 kalendas
589 4522 697 4587 Arrgusti
711 4521 819 4583 mensis,
836 4522 893 4571 b.e.
906 4521 948 4571 die
962 4521 994 4570 23
1039 4521 1083 4571 sed
1109 4529 1137 4572 ut
1161 4523 1277 4586 legentes
1300 4525 1367 4575 idem
1392 4525 1581 4589 intellegerent,

453 4591 511 4640 lulli
524 4600 580 4642 eote
593 4607 650 4642 esse
669 4591 694 4638 iu
708 4589 866 4640 lelendnriis
879 4597 995 4640 ueterum
1039 4590 1148 4642 adiectis
1172 4593 1295 4658 proximis
1319 4594 1408 4645 uerbis
1432 4595 1470 4660 (u.
1487 4594 1581 4659 2-5)

452 4667 565 4708 notatum
579 4659 701 4722 legimns3
715 4656 750 4708 ef.
759 4655 863 4711 Gruteri
875 4658 994 4724 inscript.
1038 4668 1200 4727 prospectum
1216 4670 1267 4714 est.
1348 4717 1352 4723 ,
