<?xml version="1.0" encoding="UTF-8"?>
<!DOCTYPE html PUBLIC "-//W3C//DTD XHTML 1.0 Transitional//EN"
    "http://www.w3.org/TR/xhtml1/DTD/xhtml1-transitional.dtd">
<html xmlns="http://www.w3.org/1999/xhtml" xml:lang="en" lang="en">
 <head>
  <title>
</title>
<meta http-equiv="Content-Type" content="text/html;charset=utf-8" />
  <meta name='ocr-system' content='tesseract 3.04.00' />
  <meta name='ocr-capabilities' content='ocr_page ocr_carea ocr_par ocr_line ocrx_word'/>
</head>
<body>
  <div class='ocr_page' id='page_1' title='image "./horatiicarminae00rittgoog/horatiicarminae00rittgoog_0045.png"; bbox 0 0 3884 5525; ppageno 0'>
   <div class='ocr_carea' id='block_1_1' title="bbox 365 624 1496 720">
    <p class='ocr_par' dir='ltr' id='par_1_1' title="bbox 365 624 1496 720">
     <span class='ocr_line' id='line_1_1' title="bbox 365 624 1496 720; baseline -0.008 -2"><span class='ocrx_word' id='word_1_1' title='bbox 365 666 445 720; x_wconf 85' lang='lat' dir='ltr'>Xllll.</span> <span class='ocrx_word' id='word_1_2' title='bbox 465 646 683 717; x_wconf 56' lang='lat' dir='ltr'>liffclllllssc&#39;l&#39;.</span> <span class='ocrx_word' id='word_1_3' title='bbox 697 624 832 715; x_wconf 77' lang='lat' dir='ltr'>ctttTlcn</span> <span class='ocrx_word' id='word_1_4' title='bbox 845 662 880 716; x_wconf 80' lang='lat' dir='ltr'>lll</span> <span class='ocrx_word' id='word_1_5' title='bbox 893 662 1030 716; x_wconf 75' lang='lat' dir='ltr'>ttottmt</span> <span class='ocrx_word' id='word_1_6' title='bbox 1044 662 1171 716; x_wconf 78' lang='lat' dir='ltr'>SCllll’l&#39;.</span> <span class='ocrx_word' id='word_1_7' title='bbox 1186 662 1390 716; x_wconf 77' lang='lat' dir='ltr'>Anttttttttttttt.</span> <span class='ocrx_word' id='word_1_8' title='bbox 1420 668 1496 709; x_wconf 76' lang='lat' dir='ltr'>xuttt</span> 
     </span>
    </p>
   </div>
   <div class='ocr_carea' id='block_1_2' title="bbox 366 816 1497 1009">
    <p class='ocr_par' dir='ltr' id='par_1_2' title="bbox 366 816 1497 1009">
     <span class='ocr_line' id='line_1_2' title="bbox 369 816 1497 901; baseline -0.002 -18"><span class='ocrx_word' id='word_1_9' title='bbox 369 819 556 883; x_wconf 84' lang='lat' dir='ltr'>constantiae</span> <span class='ocrx_word' id='word_1_10' title='bbox 572 836 662 881; x_wconf 87' lang='lat' dir='ltr'>cansa</span> <span class='ocrx_word' id='word_1_11' title='bbox 676 816 766 880; x_wconf 82' lang='lat' dir='ltr'>etiam</span> <span class='ocrx_word' id='word_1_12' title='bbox 786 817 816 881; x_wconf 91' lang='lat' dir='ltr'>in</span> <span class='ocrx_word' id='word_1_13' title='bbox 833 838 908 880; x_wconf 91' lang='lat' dir='ltr'>uoce</span> <span class='ocrx_word' id='word_1_14' title='bbox 922 819 1026 901; x_wconf 77' lang='lat' dir='ltr'>inpius</span> <span class='ocrx_word' id='word_1_15' title='bbox 1049 816 1147 895; x_wconf 89' lang='lat' dir='ltr'>tenui,</span> <span class='ocrx_word' id='word_1_16' title='bbox 1171 817 1241 881; x_wconf 88' lang='lat' dir='ltr'>licet</span> <span class='ocrx_word' id='word_1_17' title='bbox 1263 818 1336 881; x_wconf 85' lang='lat' dir='ltr'>loeo</span> <span class='ocrx_word' id='word_1_18' title='bbox 1358 817 1389 881; x_wconf 92' lang='lat' dir='ltr'>in</span> <span class='ocrx_word' id='word_1_19' title='bbox 1412 817 1497 881; x_wconf 88' lang='lat' dir='ltr'>libris</span> 
     </span>
     <span class='ocr_line' id='line_1_3' title="bbox 366 923 1289 1009; baseline -0.002 -20"><span class='ocrx_word' id='word_1_20' title='bbox 366 925 498 1009; x_wconf 79' lang='lat' dir='ltr'>antiquis</span> <span class='ocrx_word' id='word_1_21' title='bbox 514 924 611 989; x_wconf 89' lang='lat' dir='ltr'>multo</span> <span class='ocrx_word' id='word_1_22' title='bbox 626 924 747 1009; x_wconf 80' lang='lat' dir='ltr'>saepius</span> <span class='ocrx_word' id='word_1_23' title='bbox 762 926 875 1008; x_wconf 75' lang='lat' dir='ltr'>irnpiuo</span> <span class='ocrx_word' id='word_1_24' title='bbox 891 942 978 1005; x_wconf 84' lang='lat' dir='ltr'>quam</span> <span class='ocrx_word' id='word_1_25' title='bbox 995 924 1098 1007; x_wconf 79' lang='lat' dir='ltr'>t&#39;rzpr&#39;ue</span> <span class='ocrx_word' id='word_1_26' title='bbox 1112 923 1223 1007; x_wconf 87' lang='lat' dir='ltr'>scripte</span> <span class='ocrx_word' id='word_1_27' title='bbox 1239 924 1289 987; x_wconf 90' lang='lat' dir='ltr'>sit.</span> 
     </span>
    </p>
   </div>
   <div class='ocr_carea' id='block_1_3' title="bbox 455 1248 1400 1569">
    <p class='ocr_par' dir='ltr' id='par_1_3' title="bbox 455 1248 1400 1569">
     <span class='ocr_line' id='line_1_4' title="bbox 875 1248 982 1310; baseline 0.009 -1"><span class='ocrx_word' id='word_1_28' title='bbox 875 1248 982 1310; x_wconf 84' lang='lat' dir='ltr'>xlm.</span> 
     </span>
     <span class='ocr_line' id='line_1_5' title="bbox 455 1388 1400 1465; baseline 0 -2"><span class='ocrx_word' id='word_1_29' title='bbox 455 1399 506 1463; x_wconf 87' lang='lat' dir='ltr'>DE</span> <span class='ocrx_word' id='word_1_30' title='bbox 528 1398 781 1465; x_wconf 74' lang='lat' dir='ltr'>coutuutvttd</span> <span class='ocrx_word' id='word_1_31' title='bbox 803 1398 960 1462; x_wconf 78' lang='lat' dir='ltr'>ctttrtcn</span> <span class='ocrx_word' id='word_1_32' title='bbox 981 1398 1022 1462; x_wconf 93' lang='lat' dir='ltr'>lN</span> <span class='ocrx_word' id='word_1_33' title='bbox 1045 1396 1203 1461; x_wconf 84' lang='lat' dir='ltr'>HORATll</span> <span class='ocrx_word' id='word_1_34' title='bbox 1227 1388 1400 1463; x_wconf 73' lang='lat' dir='ltr'>SCllll&#39;TlS</span> 
     </span>
     <span class='ocr_line' id='line_1_6' title="bbox 813 1504 1052 1569; baseline 0 0"><span class='ocrx_word' id='word_1_35' title='bbox 813 1504 1052 1569; x_wconf 84' lang='lat' dir='ltr'>ADlllBENDA.</span> 
     </span>
    </p>
   </div>
   <div class='ocr_carea' id='block_1_4' title="bbox 288 1690 1512 4540">
    <p class='ocr_par' dir='ltr' id='par_1_4' title="bbox 288 1690 1512 4540">
     <span class='ocr_line' id='line_1_7' title="bbox 452 1690 1495 1775; baseline -0.002 -20"><span class='ocrx_word' id='word_1_36' title='bbox 452 1692 643 1757; x_wconf 85' lang='lat' dir='ltr'>Coniecturis</span> <span class='ocrx_word' id='word_1_37' title='bbox 666 1692 698 1755; x_wconf 92' lang='lat' dir='ltr'>iu</span> <span class='ocrx_word' id='word_1_38' title='bbox 720 1704 865 1757; x_wconf 85' lang='lat' dir='ltr'>contextu</span> <span class='ocrx_word' id='word_1_39' title='bbox 886 1692 1048 1757; x_wconf 87' lang='lat' dir='ltr'>uerborum</span> <span class='ocrx_word' id='word_1_40' title='bbox 1066 1690 1229 1753; x_wconf 87' lang='lat' dir='ltr'>lloratiauo</span> <span class='ocrx_word' id='word_1_41' title='bbox 1253 1710 1376 1775; x_wconf 87' lang='lat' dir='ltr'>prorsus</span> <span class='ocrx_word' id='word_1_42' title='bbox 1392 1710 1495 1755; x_wconf 85' lang='lat' dir='ltr'>carere</span> 
     </span>
     <span class='ocr_line' id='line_1_8' title="bbox 365 1795 1495 1883; baseline 0 -22"><span class='ocrx_word' id='word_1_43' title='bbox 365 1818 427 1861; x_wconf 92' lang='lat' dir='ltr'>nou</span> <span class='ocrx_word' id='word_1_44' title='bbox 442 1820 614 1883; x_wconf 84' lang='lat' dir='ltr'>possumus.</span> <span class='ocrx_word' id='word_1_45' title='bbox 637 1798 712 1863; x_wconf 86' lang='lat' dir='ltr'>Nem</span> <span class='ocrx_word' id='word_1_46' title='bbox 730 1801 799 1863; x_wconf 91' lang='lat' dir='ltr'>licet</span> <span class='ocrx_word' id='word_1_47' title='bbox 815 1799 941 1883; x_wconf 90' lang='lat' dir='ltr'>plurima</span> <span class='ocrx_word' id='word_1_48' title='bbox 956 1797 1088 1863; x_wconf 88' lang='lat' dir='ltr'>subsidia</span> <span class='ocrx_word' id='word_1_49' title='bbox 1102 1818 1309 1881; x_wconf 85' lang='lat' dir='ltr'>congeramus,</span> <span class='ocrx_word' id='word_1_50' title='bbox 1327 1795 1398 1860; x_wconf 88' lang='lat' dir='ltr'>licet</span> <span class='ocrx_word' id='word_1_51' title='bbox 1412 1798 1495 1881; x_wconf 87' lang='lat' dir='ltr'>quic·</span> 
     </span>
     <span class='ocr_line' id='line_1_9' title="bbox 365 1903 1496 1987; baseline -0.001 -20"><span class='ocrx_word' id='word_1_52' title='bbox 365 1904 435 1986; x_wconf 86' lang='lat' dir='ltr'>quid</span> <span class='ocrx_word' id='word_1_53' title='bbox 449 1904 690 1970; x_wconf 69' lang='lat' dir='ltr'><strong>testimoniorum</strong></span> <span class='ocrx_word' id='word_1_54' title='bbox 706 1918 736 1970; x_wconf 89' lang='lat' dir='ltr'>et</span> <span class='ocrx_word' id='word_1_55' title='bbox 751 1904 931 1970; x_wconf 77' lang='lat' dir='ltr'>scholiorum</span> <span class='ocrx_word' id='word_1_56' title='bbox 948 1903 1151 1987; x_wconf 85' lang='lat' dir='ltr'>anquiramus,</span> <span class='ocrx_word' id='word_1_57' title='bbox 1170 1903 1262 1967; x_wconf 88' lang='lat' dir='ltr'><strong>nihilo</strong></span> <span class='ocrx_word' id='word_1_58' title='bbox 1278 1904 1375 1968; x_wconf 90' lang='lat' dir='ltr'>minus</span> <span class='ocrx_word' id='word_1_59' title='bbox 1391 1924 1496 1987; x_wconf 91' lang='lat' dir='ltr'>supcr-</span> 
     </span>
     <span class='ocr_line' id='line_1_10' title="bbox 365 2010 1495 2097; baseline 0.002 -24"><span class='ocrx_word' id='word_1_60' title='bbox 365 2019 436 2073; x_wconf 90' lang='lat' dir='ltr'>sunt</span> <span class='ocrx_word' id='word_1_61' title='bbox 450 2010 522 2090; x_wconf 90' lang='lat' dir='ltr'>loci,</span> <span class='ocrx_word' id='word_1_62' title='bbox 534 2032 595 2075; x_wconf 92' lang='lat' dir='ltr'>non</span> <span class='ocrx_word' id='word_1_63' title='bbox 608 2013 693 2076; x_wconf 81' lang='lat' dir='ltr'>inulti</span> <span class='ocrx_word' id='word_1_64' title='bbox 706 2013 822 2097; x_wconf 91' lang='lat' dir='ltr'>quidem</span> <span class='ocrx_word' id='word_1_65' title='bbox 837 2013 889 2075; x_wconf 89' lang='lat' dir='ltr'>sed</span> <span class='ocrx_word' id='word_1_66' title='bbox 905 2022 1004 2074; x_wconf 88' lang='lat' dir='ltr'>tamen</span> <span class='ocrx_word' id='word_1_67' title='bbox 1019 2011 1167 2088; x_wconf 82' lang='lat' dir='ltr'>nonnulli,</span> <span class='ocrx_word' id='word_1_68' title='bbox 1180 2010 1285 2093; x_wconf 90' lang='lat' dir='ltr'>quibus</span> <span class='ocrx_word' id='word_1_69' title='bbox 1300 2011 1495 2075; x_wconf 86' lang='lat' dir='ltr'>coniectando</span> 
     </span>
     <span class='ocr_line' id='line_1_11' title="bbox 364 2109 1512 2210; baseline 0 -31"><span class='ocrx_word' id='word_1_70' title='bbox 364 2117 480 2180; x_wconf 87' lang='lat' dir='ltr'>medela</span> <span class='ocrx_word' id='word_1_71' title='bbox 503 2115 603 2201; x_wconf 85' lang='lat' dir='ltr'>parari</span> <span class='ocrx_word' id='word_1_72' title='bbox 626 2119 724 2182; x_wconf 76' lang='lat' dir='ltr'>delict.</span> <span class='ocrx_word' id='word_1_73' title='bbox 763 2118 827 2182; x_wconf 90' lang='lat' dir='ltr'>lloc</span> <span class='ocrx_word' id='word_1_74' title='bbox 851 2118 934 2181; x_wconf 90' lang='lat' dir='ltr'>uerbi</span> <span class='ocrx_word' id='word_1_75' title='bbox 958 2109 1049 2181; x_wconf 86' lang='lat' dir='ltr'>causa</span> <span class='ocrx_word' id='word_1_76' title='bbox 1072 2120 1107 2181; x_wconf 90' lang='lat' dir='ltr'>de</span> <span class='ocrx_word' id='word_1_77' title='bbox 1131 2139 1221 2183; x_wconf 92' lang='lat' dir='ltr'>uersu</span> <span class='ocrx_word' id='word_1_78' title='bbox 1246 2120 1284 2183; x_wconf 85' lang='lat'>10</span> <span class='ocrx_word' id='word_1_79' title='bbox 1300 2118 1400 2181; x_wconf 83' lang='lat' dir='ltr'>Germ.</span> <span class='ocrx_word' id='word_1_80' title='bbox 1419 2116 1459 2181; x_wconf 97' lang='lat' dir='ltr'>lll</span> <span class='ocrx_word' id='word_1_81' title='bbox 1475 2120 1512 2210; x_wconf 89' lang='grc' dir='ltr'>4Ι</span> 
     </span>
     <span class='ocr_line' id='line_1_12' title="bbox 364 2222 1495 2302; baseline 0 -17"><span class='ocrx_word' id='word_1_82' title='bbox 364 2244 453 2287; x_wconf 88' lang='lat' dir='ltr'>nemo</span> <span class='ocrx_word' id='word_1_83' title='bbox 475 2222 605 2302; x_wconf 88' lang='lat' dir='ltr'>dubitat,</span> <span class='ocrx_word' id='word_1_84' title='bbox 631 2225 678 2288; x_wconf 91' lang='lat' dir='ltr'>cui</span> <span class='ocrx_word' id='word_1_85' title='bbox 701 2224 861 2288; x_wconf 85' lang='lat' dir='ltr'>salusiam</span> <span class='ocrx_word' id='word_1_86' title='bbox 882 2224 1023 2288; x_wconf 85' lang='lat' dir='ltr'>restituto</span> <span class='ocrx_word' id='word_1_87' title='bbox 1044 2236 1090 2288; x_wconf 89' lang='lat' dir='ltr'>est</span> <span class='ocrx_word' id='word_1_88' title='bbox 1111 2246 1170 2288; x_wconf 92' lang='lat' dir='ltr'>uon</span> <span class='ocrx_word' id='word_1_89' title='bbox 1192 2226 1313 2288; x_wconf 85' lang='lat' dir='ltr'>inuenta</span> <span class='ocrx_word' id='word_1_90' title='bbox 1330 2246 1407 2289; x_wconf 87' lang='lat' dir='ltr'>noua</span> <span class='ocrx_word' id='word_1_91' title='bbox 1423 2244 1495 2288; x_wconf 94' lang='lat' dir='ltr'>con-</span> 
     </span>
     <span class='ocr_line' id='line_1_13' title="bbox 364 2328 1495 2415; baseline 0 -22"><span class='ocrx_word' id='word_1_92' title='bbox 364 2329 482 2393; x_wconf 82' lang='lat' dir='ltr'>iectura</span> <span class='ocrx_word' id='word_1_93' title='bbox 504 2330 557 2393; x_wconf 92' lang='lat' dir='ltr'>sed</span> <span class='ocrx_word' id='word_1_94' title='bbox 580 2340 685 2393; x_wconf 87' lang='lat' dir='ltr'>uetere</span> <span class='ocrx_word' id='word_1_95' title='bbox 709 2329 870 2409; x_wconf 79' lang='lat' dir='ltr'>(Dauniae</span> <span class='ocrx_word' id='word_1_96' title='bbox 894 2352 947 2415; x_wconf 93' lang='lat' dir='ltr'>pro</span> <span class='ocrx_word' id='word_1_97' title='bbox 962 2328 1135 2414; x_wconf 76' lang='lat' dir='ltr'><em>Apuliae),</em></span> <span class='ocrx_word' id='word_1_98' title='bbox 1161 2352 1217 2413; x_wconf 84' lang='lat' dir='ltr'>qua</span> <span class='ocrx_word' id='word_1_99' title='bbox 1240 2332 1415 2394; x_wconf 80' lang='lat' dir='ltr'>incentores</span> <span class='ocrx_word' id='word_1_100' title='bbox 1439 2330 1495 2413; x_wconf 90' lang='lat' dir='ltr'>ipsi</span> 
     </span>
     <span class='ocr_line' id='line_1_14' title="bbox 365 2417 1495 2515; baseline 0.002 -18"><span class='ocrx_word' id='word_1_101' title='bbox 365 2456 426 2497; x_wconf 94' lang='lat' dir='ltr'>non</span> <span class='ocrx_word' id='word_1_102' title='bbox 441 2446 525 2499; x_wconf 91' lang='lat' dir='ltr'>recte</span> <span class='ocrx_word' id='word_1_103' title='bbox 546 2417 593 2499; x_wconf 81' lang='lat' dir='ltr'>us&#39;i</span> <span class='ocrx_word' id='word_1_104' title='bbox 609 2446 696 2515; x_wconf 91' lang='lat' dir='ltr'>sunt,</span> <span class='ocrx_word' id='word_1_105' title='bbox 720 2438 799 2501; x_wconf 91' lang='lat' dir='ltr'>iuste</span> <span class='ocrx_word' id='word_1_106' title='bbox 815 2438 975 2501; x_wconf 85' lang='lat' dir='ltr'>uindicata.</span> <span class='ocrx_word' id='word_1_107' title='bbox 1007 2436 1086 2499; x_wconf 88' lang='lat' dir='ltr'>ldem</span> <span class='ocrx_word' id='word_1_108' title='bbox 1109 2438 1209 2499; x_wconf 82' lang='lat' dir='ltr'><strong>dicere</strong></span> <span class='ocrx_word' id='word_1_109' title='bbox 1231 2436 1332 2499; x_wconf 75' lang='lat' dir='ltr'>licebit</span> <span class='ocrx_word' id='word_1_110' title='bbox 1352 2438 1388 2499; x_wconf 86' lang='lat' dir='ltr'>de</span> <span class='ocrx_word' id='word_1_111' title='bbox 1404 2456 1495 2499; x_wconf 88' lang='lat' dir='ltr'>uersu</span> 
     </span>
     <span class='ocr_line' id='line_1_15' title="bbox 366 2539 1493 2625; baseline -0.001 -21"><span class='ocrx_word' id='word_1_112' title='bbox 366 2539 407 2605; x_wconf 83' lang='lat'>27</span> <span class='ocrx_word' id='word_1_113' title='bbox 424 2542 522 2606; x_wconf 88' lang='lat' dir='ltr'>Serm.</span> <span class='ocrx_word' id='word_1_114' title='bbox 541 2542 552 2606; x_wconf 98' lang='lat' dir='ltr'>l</span> <span class='ocrx_word' id='word_1_115' title='bbox 572 2544 630 2621; x_wconf 87' lang='lat' dir='ltr'>to,</span> <span class='ocrx_word' id='word_1_116' title='bbox 655 2544 703 2606; x_wconf 89' lang='lat' dir='ltr'>ubi</span> <span class='ocrx_word' id='word_1_117' title='bbox 728 2545 929 2607; x_wconf 87' lang='lat' dir='ltr'>coniecturam</span> <span class='ocrx_word' id='word_1_118' title='bbox 946 2542 1061 2607; x_wconf 88' lang='lat' dir='ltr'>Bentlei</span> <span class='ocrx_word' id='word_1_119' title='bbox 1085 2540 1214 2624; x_wconf 82' lang='lat' dir='ltr'>(oblitos</span> <span class='ocrx_word' id='word_1_120' title='bbox 1237 2562 1290 2625; x_wconf 93' lang='lat' dir='ltr'>pro</span> <span class='ocrx_word' id='word_1_121' title='bbox 1307 2542 1434 2622; x_wconf 80' lang='lat' dir='ltr'>oblitus)</span> <span class='ocrx_word' id='word_1_122' title='bbox 1457 2540 1493 2604; x_wconf 90' lang='lat' dir='ltr'>nb</span> 
     </span>
     <span class='ocr_line' id='line_1_16' title="bbox 364 2646 1495 2735; baseline -0.001 -24"><span class='ocrx_word' id='word_1_123' title='bbox 364 2648 432 2732; x_wconf 88' lang='lat' dir='ltr'>ipso</span> <span class='ocrx_word' id='word_1_124' title='bbox 453 2650 485 2711; x_wconf 94' lang='lat' dir='ltr'>iu</span> <span class='ocrx_word' id='word_1_125' title='bbox 507 2647 640 2713; x_wconf 80' lang='lat' dir='ltr'>ordinem</span> <span class='ocrx_word' id='word_1_126' title='bbox 665 2648 823 2713; x_wconf 89' lang='lat' dir='ltr'>uerborum</span> <span class='ocrx_word' id='word_1_127' title='bbox 846 2671 906 2714; x_wconf 94' lang='lat' dir='ltr'>non</span> <span class='ocrx_word' id='word_1_128' title='bbox 928 2661 1077 2735; x_wconf 86' lang='lat' dir='ltr'>receptam</span> <span class='ocrx_word' id='word_1_129' title='bbox 1100 2649 1187 2732; x_wconf 88' lang='lat' dir='ltr'>plane</span> <span class='ocrx_word' id='word_1_130' title='bbox 1209 2646 1411 2710; x_wconf 83' lang='lat' dir='ltr'>necessariam</span> <span class='ocrx_word' id='word_1_131' title='bbox 1427 2666 1495 2710; x_wconf 91' lang='lat' dir='ltr'>esse</span> 
     </span>
     <span class='ocr_line' id='line_1_17' title="bbox 293 2752 1495 2842; baseline -0.002 -24"><span class='ocrx_word' id='word_1_132' title='bbox 293 2758 301 2775; x_wconf 72' lang='lat'><strong>⁴</strong></span> <span class='ocrx_word' id='word_1_133' title='bbox 366 2756 588 2833; x_wconf 84' lang='lat' dir='ltr'>demonstrari,</span> <span class='ocrx_word' id='word_1_134' title='bbox 611 2756 682 2820; x_wconf 84' lang='lat' dir='ltr'>item</span> <span class='ocrx_word' id='word_1_135' title='bbox 706 2758 741 2821; x_wconf 91' lang='lat' dir='ltr'>de</span> <span class='ocrx_word' id='word_1_136' title='bbox 761 2756 829 2842; x_wconf 90' lang='lat' dir='ltr'>Epl.</span> <span class='ocrx_word' id='word_1_137' title='bbox 848 2756 859 2820; x_wconf 99' lang='lat' dir='ltr'>l</span> <span class='ocrx_word' id='word_1_138' title='bbox 881 2757 976 2835; x_wconf 82' lang='grc'>650,</span> <span class='ocrx_word' id='word_1_139' title='bbox 1003 2752 1051 2820; x_wconf 92' lang='lat' dir='ltr'>ubi</span> <span class='ocrx_word' id='word_1_140' title='bbox 1074 2753 1236 2819; x_wconf 69' lang='lat' dir='ltr'>Britannici</span> <span class='ocrx_word' id='word_1_141' title='bbox 1258 2774 1381 2816; x_wconf 82' lang='lat' dir='ltr'>seruum</span> <span class='ocrx_word' id='word_1_142' title='bbox 1403 2752 1495 2816; x_wconf 89' lang='lat' dir='ltr'>unde-</span> 
     </span>
     <span class='ocr_line' id='line_1_18' title="bbox 367 2860 1495 2946; baseline -0.004 -22"><span class='ocrx_word' id='word_1_143' title='bbox 367 2883 493 2946; x_wconf 82' lang='lat' dir='ltr'><strong>cumque</strong></span> <span class='ocrx_word' id='word_1_144' title='bbox 513 2862 670 2941; x_wconf 81' lang='lat' dir='ltr'>haustum,</span> <span class='ocrx_word' id='word_1_145' title='bbox 703 2885 763 2926; x_wconf 91' lang='lat' dir='ltr'>nou</span> <span class='ocrx_word' id='word_1_146' title='bbox 785 2885 913 2928; x_wconf 80' lang='lat' dir='ltr'>suenum</span> <span class='ocrx_word' id='word_1_147' title='bbox 943 2871 996 2926; x_wconf 88' lang='lat' dir='ltr'>aut</span> <span class='ocrx_word' id='word_1_148' title='bbox 1025 2865 1165 2938; x_wconf 80' lang='lat' dir='ltr'>laeuum,</span> <span class='ocrx_word' id='word_1_149' title='bbox 1197 2860 1284 2924; x_wconf 88' lang='lat' dir='ltr'>unice</span> <span class='ocrx_word' id='word_1_150' title='bbox 1306 2867 1404 2942; x_wconf 88' lang='lat' dir='ltr'>aptum</span> <span class='ocrx_word' id='word_1_151' title='bbox 1428 2877 1495 2921; x_wconf 89' lang='lat' dir='ltr'>esse</span> 
     </span>
     <span class='ocr_line' id='line_1_19' title="bbox 366 2963 1493 3053; baseline -0.004 -23"><span class='ocrx_word' id='word_1_152' title='bbox 366 2969 495 3032; x_wconf 90' lang='lat' dir='ltr'>ostendi.</span> <span class='ocrx_word' id='word_1_153' title='bbox 518 2968 564 3033; x_wconf 90' lang='lat' dir='ltr'>Ne</span> <span class='ocrx_word' id='word_1_154' title='bbox 580 2969 745 3034; x_wconf 77' lang='lat' dir='ltr'>cautissimi</span> <span class='ocrx_word' id='word_1_155' title='bbox 761 2968 878 3053; x_wconf 90' lang='lat' dir='ltr'>quidem</span> <span class='ocrx_word' id='word_1_156' title='bbox 894 2969 1115 3052; x_wconf 89' lang='lat' dir='ltr'>reprehendent</span> <span class='ocrx_word' id='word_1_157' title='bbox 1130 2969 1207 3051; x_wconf 90' lang='lat' dir='ltr'>quod</span> <span class='ocrx_word' id='word_1_158' title='bbox 1225 2967 1324 3030; x_wconf 86' lang='lat' dir='ltr'>Carm.</span> <span class='ocrx_word' id='word_1_159' title='bbox 1342 2963 1381 3027; x_wconf 97' lang='lat' dir='ltr'>lll</span> <span class='ocrx_word' id='word_1_160' title='bbox 1400 2965 1438 3026; x_wconf 88' lang='lat'>16</span> <span class='ocrx_word' id='word_1_161' title='bbox 1454 2967 1493 3026; x_wconf 88' lang='lat'>41</span> 
     </span>
     <span class='ocr_line' id='line_1_20' title="bbox 365 3071 1495 3160; baseline -0.004 -22"><span class='ocrx_word' id='word_1_162' title='bbox 365 3075 518 3160; x_wconf 77' lang='lat' dir='ltr'>Alyattei</span> <span class='ocrx_word' id='word_1_163' title='bbox 536 3097 589 3160; x_wconf 90' lang='lat' dir='ltr'>pro</span> <span class='ocrx_word' id='word_1_164' title='bbox 604 3075 768 3160; x_wconf 77' lang='lat' dir='ltr'>Alpottioi</span> <span class='ocrx_word' id='word_1_165' title='bbox 787 3097 809 3139; x_wconf 85' lang='grc'>5·</span> <span class='ocrx_word' id='word_1_166' title='bbox 828 3076 963 3138; x_wconf 89' lang='lat' dir='ltr'>Bentleio</span> <span class='ocrx_word' id='word_1_167' title='bbox 987 3075 1174 3138; x_wconf 85' lang='lat' dir='ltr'>emendatum</span> <span class='ocrx_word' id='word_1_168' title='bbox 1197 3073 1309 3151; x_wconf 86' lang='lat' dir='ltr'>asciui,</span> <span class='ocrx_word' id='word_1_169' title='bbox 1334 3093 1369 3136; x_wconf 86' lang='lat' dir='ltr'>ac</span> <span class='ocrx_word' id='word_1_170' title='bbox 1391 3071 1495 3156; x_wconf 84' lang='lat' dir='ltr'>peritis</span> 
     </span>
     <span class='ocr_line' id='line_1_21' title="bbox 288 3173 1493 3266; baseline -0.005 -19"><span class='ocrx_word' id='word_1_171' title='bbox 288 3241 292 3247; x_wconf 91' lang='lat'>.</span> <span class='ocrx_word' id='word_1_172' title='bbox 365 3180 528 3245; x_wconf 82' lang='lat' dir='ltr'>lectoribus</span> <span class='ocrx_word' id='word_1_173' title='bbox 551 3182 683 3246; x_wconf 90' lang='lat' dir='ltr'>eiusdem</span> <span class='ocrx_word' id='word_1_174' title='bbox 707 3173 887 3246; x_wconf 80' lang='lat' dir='ltr'>domnotoni</span> <span class='ocrx_word' id='word_1_175' title='bbox 908 3202 961 3266; x_wconf 91' lang='lat' dir='ltr'>pro</span> <span class='ocrx_word' id='word_1_176' title='bbox 985 3181 1161 3245; x_wconf 72' lang='lat' dir='ltr'>donicatum</span> <span class='ocrx_word' id='word_1_177' title='bbox 1187 3181 1301 3254; x_wconf 80' lang='lat' dir='ltr'>(Germ.</span> <span class='ocrx_word' id='word_1_178' title='bbox 1321 3179 1360 3242; x_wconf 96' lang='lat' dir='ltr'>lll</span> <span class='ocrx_word' id='word_1_179' title='bbox 1383 3181 1401 3242; x_wconf 88' lang='lat'><strong>3</strong></span> <span class='ocrx_word' id='word_1_180' title='bbox 1425 3179 1493 3261; x_wconf 77' lang='lat'>23),</span> 
     </span>
     <span class='ocr_line' id='line_1_22' title="bbox 365 3285 1495 3371; baseline -0.001 -23"><span class='ocrx_word' id='word_1_181' title='bbox 365 3285 438 3349; x_wconf 89' lang='lat' dir='ltr'>item</span> <span class='ocrx_word' id='word_1_182' title='bbox 461 3308 624 3371; x_wconf 83' lang='lat' dir='ltr'>pronomen</span> <span class='ocrx_word' id='word_1_183' title='bbox 649 3301 683 3352; x_wconf 84' lang='lat' dir='ltr'>tu</span> <span class='ocrx_word' id='word_1_184' title='bbox 706 3300 829 3353; x_wconf 89' lang='lat' dir='ltr'>auctore</span> <span class='ocrx_word' id='word_1_185' title='bbox 850 3287 1001 3352; x_wconf 79' lang='lat' dir='ltr'>Meinetto</span> <span class='ocrx_word' id='word_1_186' title='bbox 1024 3288 1155 3351; x_wconf 87' lang='lat' dir='ltr'>additum</span> <span class='ocrx_word' id='word_1_187' title='bbox 1180 3287 1275 3350; x_wconf 89' lang='lat' dir='ltr'>Serm.</span> <span class='ocrx_word' id='word_1_188' title='bbox 1301 3287 1368 3350; x_wconf 85' lang='lat'>113</span> <span class='ocrx_word' id='word_1_189' title='bbox 1395 3289 1409 3348; x_wconf 90' lang='lat'>1</span> <span class='ocrx_word' id='word_1_190' title='bbox 1434 3305 1495 3348; x_wconf 90' lang='lat' dir='ltr'>non</span> 
     </span>
     <span class='ocr_line' id='line_1_23' title="bbox 365 3391 1495 3478; baseline -0.001 -24"><span class='ocrx_word' id='word_1_191' title='bbox 365 3393 464 3456; x_wconf 89' lang='lat' dir='ltr'>minus</span> <span class='ocrx_word' id='word_1_192' title='bbox 480 3404 593 3457; x_wconf 88' lang='lat' dir='ltr'>certum</span> <span class='ocrx_word' id='word_1_193' title='bbox 610 3396 771 3459; x_wconf 90' lang='lat' dir='ltr'>uidebitur.</span> <span class='ocrx_word' id='word_1_194' title='bbox 801 3394 905 3478; x_wconf 88' lang='lat' dir='ltr'><strong>Neque</strong></span> <span class='ocrx_word' id='word_1_195' title='bbox 927 3394 1006 3457; x_wconf 90' lang='lat' dir='ltr'>iusta</span> <span class='ocrx_word' id='word_1_196' title='bbox 1029 3395 1171 3458; x_wconf 75' lang='lat' dir='ltr'>dubitatio</span> <span class='ocrx_word' id='word_1_197' title='bbox 1194 3397 1338 3458; x_wconf 86' lang='lat' dir='ltr'>aduersus</span> <span class='ocrx_word' id='word_1_198' title='bbox 1355 3391 1495 3455; x_wconf 86' lang='lat' dir='ltr'>Glareani</span> 
     </span>
     <span class='ocr_line' id='line_1_24' title="bbox 366 3498 1495 3585; baseline -0.002 -24"><span class='ocrx_word' id='word_1_199' title='bbox 366 3501 583 3564; x_wconf 86' lang='lat' dir='ltr'>correctionem</span> <span class='ocrx_word' id='word_1_200' title='bbox 607 3503 713 3566; x_wconf 81' lang='lat' dir='ltr'>labore</span> <span class='ocrx_word' id='word_1_201' title='bbox 728 3522 781 3585; x_wconf 87' lang='lat' dir='ltr'>pro</span> <span class='ocrx_word' id='word_1_202' title='bbox 799 3501 936 3563; x_wconf 78' lang='lat' dir='ltr'>laborem</span> <span class='ocrx_word' id='word_1_203' title='bbox 953 3499 1059 3584; x_wconf 84' lang='lat' dir='ltr'>(Epod.</span> <span class='ocrx_word' id='word_1_204' title='bbox 1082 3504 1093 3563; x_wconf 90' lang='grc'>1</span> <span class='ocrx_word' id='word_1_205' title='bbox 1116 3505 1166 3582; x_wconf 83' lang='grc'>9),</span> <span class='ocrx_word' id='word_1_206' title='bbox 1192 3509 1243 3563; x_wconf 84' lang='lat' dir='ltr'>aut</span> <span class='ocrx_word' id='word_1_207' title='bbox 1258 3499 1367 3562; x_wconf 85' lang='lat' dir='ltr'>Mureti</span> <span class='ocrx_word' id='word_1_208' title='bbox 1384 3498 1495 3562; x_wconf 78' lang='lat' dir='ltr'>Bibule</span> 
     </span>
     <span class='ocr_line' id='line_1_25' title="bbox 366 3603 1495 3691; baseline -0.002 -23"><span class='ocrx_word' id='word_1_209' title='bbox 366 3628 420 3688; x_wconf 93' lang='lat' dir='ltr'>pro</span> <span class='ocrx_word' id='word_1_210' title='bbox 433 3604 543 3670; x_wconf 81' lang='lat' dir='ltr'>Bibuli</span> <span class='ocrx_word' id='word_1_211' title='bbox 558 3607 695 3691; x_wconf 84' lang='lat' dir='ltr'>(Serml</span> <span class='ocrx_word' id='word_1_212' title='bbox 715 3611 753 3672; x_wconf 91' lang='lat'>10</span> <span class='ocrx_word' id='word_1_213' title='bbox 770 3609 838 3688; x_wconf 77' lang='lat'>86),</span> <span class='ocrx_word' id='word_1_214' title='bbox 857 3618 907 3670; x_wconf 89' lang='lat' dir='ltr'>aut</span> <span class='ocrx_word' id='word_1_215' title='bbox 923 3607 1035 3669; x_wconf 77' lang='lat' dir='ltr'>Bartltii</span> <span class='ocrx_word' id='word_1_216' title='bbox 1054 3609 1147 3669; x_wconf 75' lang='lat' dir='ltr'>tricem</span> <span class='ocrx_word' id='word_1_217' title='bbox 1163 3627 1216 3690; x_wconf 90' lang='lat' dir='ltr'>pro</span> <span class='ocrx_word' id='word_1_218' title='bbox 1233 3617 1283 3670; x_wconf 82' lang='lat' dir='ltr'>ter</span> <span class='ocrx_word' id='word_1_219' title='bbox 1298 3603 1406 3688; x_wconf 84' lang='lat' dir='ltr'>(Epod.</span> <span class='ocrx_word' id='word_1_220' title='bbox 1425 3605 1444 3664; x_wconf 89' lang='grc'>4</span> <span class='ocrx_word' id='word_1_221' title='bbox 1461 3603 1495 3681; x_wconf 87' lang='grc'>8)</span> 
     </span>
     <span class='ocr_line' id='line_1_26' title="bbox 365 3709 1496 3799; baseline -0.004 -25"><span class='ocrx_word' id='word_1_222' title='bbox 365 3711 463 3775; x_wconf 85' lang='lat' dir='ltr'>adhuc</span> <span class='ocrx_word' id='word_1_223' title='bbox 479 3714 608 3797; x_wconf 84' lang='lat' dir='ltr'>proferri</span> <span class='ocrx_word' id='word_1_224' title='bbox 623 3715 729 3797; x_wconf 89' lang='lat' dir='ltr'>potuit.</span> <span class='ocrx_word' id='word_1_225' title='bbox 755 3713 820 3799; x_wconf 92' lang='lat' dir='ltr'>lpse</span> <span class='ocrx_word' id='word_1_226' title='bbox 835 3713 907 3777; x_wconf 88' lang='lat' dir='ltr'>mihi</span> <span class='ocrx_word' id='word_1_227' title='bbox 923 3733 1018 3797; x_wconf 86' lang='lat' dir='ltr'>paene</span> <span class='ocrx_word' id='word_1_228' title='bbox 1034 3713 1106 3774; x_wconf 87' lang='lat' dir='ltr'>nihil</span> <span class='ocrx_word' id='word_1_229' title='bbox 1121 3711 1153 3774; x_wconf 90' lang='lat' dir='ltr'>in</span> <span class='ocrx_word' id='word_1_230' title='bbox 1169 3713 1225 3774; x_wconf 88' lang='lat' dir='ltr'>hoc</span> <span class='ocrx_word' id='word_1_231' title='bbox 1240 3733 1342 3795; x_wconf 87' lang='lat' dir='ltr'>cumpo</span> <span class='ocrx_word' id='word_1_232' title='bbox 1358 3709 1496 3781; x_wconf 88' lang='lat' dir='ltr'>relictum</span> 
     </span>
     <span class='ocr_line' id='line_1_27' title="bbox 367 3817 1493 3902; baseline -0.003 -22"><span class='ocrx_word' id='word_1_233' title='bbox 367 3838 434 3880; x_wconf 87' lang='lat' dir='ltr'>esse</span> <span class='ocrx_word' id='word_1_234' title='bbox 457 3819 538 3882; x_wconf 80' lang='lat' dir='ltr'>uidi:</span> <span class='ocrx_word' id='word_1_235' title='bbox 566 3840 640 3881; x_wconf 89' lang='lat' dir='ltr'>nam</span> <span class='ocrx_word' id='word_1_236' title='bbox 663 3819 815 3884; x_wconf 91' lang='lat' dir='ltr'>minimum</span> <span class='ocrx_word' id='word_1_237' title='bbox 838 3831 884 3883; x_wconf 87' lang='lat' dir='ltr'>est</span> <span class='ocrx_word' id='word_1_238' title='bbox 913 3819 991 3901; x_wconf 91' lang='lat' dir='ltr'>quod</span> <span class='ocrx_word' id='word_1_239' title='bbox 1014 3817 1108 3902; x_wconf 89' lang='lat' dir='ltr'>Epod.</span> <span class='ocrx_word' id='word_1_240' title='bbox 1136 3821 1150 3880; x_wconf 93' lang='lat'>1</span> <span class='ocrx_word' id='word_1_241' title='bbox 1177 3821 1196 3879; x_wconf 82' lang='lat'>5</span> <span class='ocrx_word' id='word_1_242' title='bbox 1225 3827 1273 3878; x_wconf 84' lang='lat' dir='ltr'>est</span> <span class='ocrx_word' id='word_1_243' title='bbox 1293 3817 1493 3892; x_wconf 86' lang='lat' dir='ltr'>intercidisse,</span> 
     </span>
     <span class='ocr_line' id='line_1_28' title="bbox 367 3923 1496 4011; baseline -0.002 -25"><span class='ocrx_word' id='word_1_244' title='bbox 367 3923 466 3987; x_wconf 88' lang='lat' dir='ltr'>Serm.</span> <span class='ocrx_word' id='word_1_245' title='bbox 486 3925 532 3990; x_wconf 85' lang='lat'>13</span> <span class='ocrx_word' id='word_1_246' title='bbox 550 3927 591 3988; x_wconf 81' lang='grc'>25</span> <span class='ocrx_word' id='word_1_247' title='bbox 610 3927 780 4011; x_wconf 81' lang='lat' dir='ltr'>peruideno</span> <span class='ocrx_word' id='word_1_248' title='bbox 796 3927 985 3990; x_wconf 90' lang='lat' dir='ltr'>diuidendum</span> <span class='ocrx_word' id='word_1_249' title='bbox 1003 3927 1059 3989; x_wconf 93' lang='lat' dir='ltr'>ctl</span> <span class='ocrx_word' id='word_1_250' title='bbox 1080 3927 1117 3988; x_wconf 87' lang='lat'>10</span> <span class='ocrx_word' id='word_1_251' title='bbox 1135 3927 1175 3988; x_wconf 94' lang='grc'>50</span> <span class='ocrx_word' id='word_1_252' title='bbox 1199 3924 1288 3986; x_wconf 69' lang='lat' dir='ltr'>dieu·</span> <span class='ocrx_word' id='word_1_253' title='bbox 1308 3943 1359 4006; x_wconf 93' lang='lat' dir='ltr'>pro</span> <span class='ocrx_word' id='word_1_254' title='bbox 1376 3923 1496 4002; x_wconf 84' lang='lat' dir='ltr'>uulgato</span> 
     </span>
     <span class='ocr_line' id='line_1_29' title="bbox 367 4031 1495 4113; baseline -0.003 -19"><span class='ocrx_word' id='word_1_255' title='bbox 367 4031 441 4094; x_wconf 73' lang='lat' dir='ltr'>diui</span> <span class='ocrx_word' id='word_1_256' title='bbox 466 4031 625 4113; x_wconf 84' lang='lat' dir='ltr'>legendum</span> <span class='ocrx_word' id='word_1_257' title='bbox 654 4053 721 4097; x_wconf 89' lang='lat' dir='ltr'>csse</span> <span class='ocrx_word' id='word_1_258' title='bbox 745 4033 989 4096; x_wconf 83' lang='lat' dir='ltr'>commonstraui.</span> <span class='ocrx_word' id='word_1_259' title='bbox 1027 4032 1110 4094; x_wconf 87' lang='lat' dir='ltr'>Alias</span> <span class='ocrx_word' id='word_1_260' title='bbox 1140 4031 1265 4094; x_wconf 89' lang='lat' dir='ltr'>aliorum</span> <span class='ocrx_word' id='word_1_261' title='bbox 1295 4031 1495 4105; x_wconf 83' lang='lat' dir='ltr'>coniecturas,</span> 
     </span>
     <span class='ocr_line' id='line_1_30' title="bbox 366 4127 1498 4223; baseline -0.004 -23"><span class='ocrx_word' id='word_1_262' title='bbox 366 4137 470 4219; x_wconf 88' lang='lat' dir='ltr'>quihus</span> <span class='ocrx_word' id='word_1_263' title='bbox 485 4138 585 4202; x_wconf 81' lang='lat' dir='ltr'>Flacci</span> <span class='ocrx_word' id='word_1_264' title='bbox 608 4139 699 4204; x_wconf 83' lang='lat' dir='ltr'>iacies</span> <span class='ocrx_word' id='word_1_265' title='bbox 716 4127 835 4223; x_wconf 83' lang='lat' dir='ltr'>praeter</span> <span class='ocrx_word' id='word_1_266' title='bbox 852 4139 1061 4203; x_wconf 90' lang='lat' dir='ltr'>necessitatem</span> <span class='ocrx_word' id='word_1_267' title='bbox 1079 4149 1221 4214; x_wconf 86' lang='lat' dir='ltr'>mutatur,</span> <span class='ocrx_word' id='word_1_268' title='bbox 1246 4147 1297 4198; x_wconf 87' lang='lat' dir='ltr'>aut</span> <span class='ocrx_word' id='word_1_269' title='bbox 1312 4135 1410 4199; x_wconf 84' lang='lat' dir='ltr'>aliena</span> <span class='ocrx_word' id='word_1_270' title='bbox 1432 4155 1498 4216; x_wconf 89' lang='lat' dir='ltr'>per·</span> 
     </span>
     <span class='ocr_line' id='line_1_31' title="bbox 366 4242 1495 4329; baseline -0.004 -23"><span class='ocrx_word' id='word_1_271' title='bbox 366 4265 440 4306; x_wconf 86' lang='lat' dir='ltr'>soua</span> <span class='ocrx_word' id='word_1_272' title='bbox 457 4255 488 4306; x_wconf 91' lang='lat' dir='ltr'>et</span> <span class='ocrx_word' id='word_1_273' title='bbox 503 4245 599 4328; x_wconf 88' lang='lat' dir='ltr'>turpis</span> <span class='ocrx_word' id='word_1_274' title='bbox 615 4244 790 4329; x_wconf 85' lang='lat' dir='ltr'>imponitur,</span> <span class='ocrx_word' id='word_1_275' title='bbox 809 4247 941 4309; x_wconf 91' lang='lat' dir='ltr'>studiose</span> <span class='ocrx_word' id='word_1_276' title='bbox 957 4245 1086 4309; x_wconf 78' lang='lat' dir='ltr'>reindui.</span> <span class='ocrx_word' id='word_1_277' title='bbox 1127 4245 1208 4323; x_wconf 85' lang='lat' dir='ltr'>Quae</span> <span class='ocrx_word' id='word_1_278' title='bbox 1225 4244 1250 4308; x_wconf 92' lang='lat' dir='ltr'>si</span> <span class='ocrx_word' id='word_1_279' title='bbox 1266 4242 1365 4305; x_wconf 86' lang='lat' dir='ltr'>futiles</span> <span class='ocrx_word' id='word_1_280' title='bbox 1381 4251 1495 4318; x_wconf 89' lang='lat' dir='ltr'>essent,</span> 
     </span>
     <span class='ocr_line' id='line_1_32' title="bbox 368 4343 1497 4434; baseline -0.005 -21"><span class='ocrx_word' id='word_1_281' title='bbox 368 4371 488 4432; x_wconf 87' lang='lat' dir='ltr'>quarum</span> <span class='ocrx_word' id='word_1_282' title='bbox 516 4351 625 4434; x_wconf 79' lang='lat' dir='ltr'>ingens</span> <span class='ocrx_word' id='word_1_283' title='bbox 649 4352 805 4415; x_wconf 89' lang='lat' dir='ltr'>multitudo</span> <span class='ocrx_word' id='word_1_284' title='bbox 830 4353 1055 4430; x_wconf 79' lang='lat' dir='ltr'>circumfertur,</span> <span class='ocrx_word' id='word_1_285' title='bbox 1087 4351 1207 4415; x_wconf 89' lang='lat' dir='ltr'>silentio</span> <span class='ocrx_word' id='word_1_286' title='bbox 1237 4347 1439 4434; x_wconf 84' lang='lat' dir='ltr'>praetermisi,</span> <span class='ocrx_word' id='word_1_287' title='bbox 1472 4343 1497 4408; x_wconf 92' lang='lat' dir='ltr'>si</span> 
     </span>
     <span class='ocr_line' id='line_1_33' title="bbox 351 4457 925 4540; baseline 0.002 -22"><span class='ocrx_word' id='word_1_288' title='bbox 351 4457 540 4540; x_wconf 80' lang='lat' dir='ltr'>speciosae,</span> <span class='ocrx_word' id='word_1_289' title='bbox 558 4459 690 4522; x_wconf 80' lang='lat' dir='ltr'>refutare</span> <span class='ocrx_word' id='word_1_290' title='bbox 706 4470 832 4523; x_wconf 86' lang='lat' dir='ltr'>conatus</span> <span class='ocrx_word' id='word_1_291' title='bbox 847 4479 925 4522; x_wconf 90' lang='lat' dir='ltr'>sum.</span> 
     </span>
    </p>
   </div>
   <div class='ocr_carea' id='block_1_5' title="bbox 0 0 1947 5525">
    <p class='ocr_par' dir='ltr' id='par_1_5' title="bbox 0 0 1947 5525">
     <span class='ocr_line' id='line_1_34' title="bbox 0 0 1947 5525; baseline 0 0"><span class='ocrx_word' id='word_1_292' title='bbox 0 0 1947 5525; x_wconf 95' lang='lat' dir='ltr'> </span> 
     </span>
    </p>
   </div>
  </div>
 </body>
</html>
