3884 5525
843 574 992 629 ’2201)οΝ
1013 577 1052 627 10.

928 1025 969 1086 X.

516 1261 519 1266 .
598 1207 684 1271 Maia
699 1208 802 1270 soluta
818 1211 910 1272 nauis
926 1211 994 1271 exit
1009 1211 1083 1271 alite

642 1322 746 1386 serens
763 1322 897 1382 olentem
914 1318 1087 1383 Maeuium.

586 1477 633 1556 ¹ut
647 1474 782 1535 horridis
798 1478 966 1550 uirumque
983 1476 1130 1537 uerbcrcs
1146 1474 1240 1548 latus,
1277 1496 1280 1503 Δ

640 1575 770 1661 Auster,
789 1590 943 1647 memento
959 1586 1117 1648 fluctibus.

456 1784 565 1836 Mettum
584 1788 650 1851 quod
669 1790 749 1855 prius,
786 1790 899 1842 inuisum
917 1792 967 1843 siti
981 1788 1109 1844 Maeuium
1130 1792 1241 1857 deuouet
1259 1773 1287 1839 ut
1306 1787 1439 1837 horrendis
1460 1804 1516 1853 pre·

386 1862 473 1905 matur
484 1857 680 1921 tempestatibus
691 1860 725 1908 A.

388 1924 513 1974 iambicus
525 1925 643 1991 cpodicos
655 1927 689 1977 H.

830 1859 858 1910 in
872 1858 984 1911 Meuium
997 1868 1097 1927 poetam
1111 1860 1239 1924 ternarius
1253 1858 1386 1922 iambicus,
1401 1857 1516 1907 binarius
1594 1878 1597 1886 ·

457 2010 535 2061 1-2.
553 2011 661 2062 Mariae
675 2012 835 2065 Victorinus
848 2012 870 2063 ii
883 2015 899 2063 4
912 2016 938 2076 i,
957 2015 1101 2066 Diomedes
1114 2014 1149 2065 iil
1163 2014 1218 2079 93,
1238 2014 1348 2064 Seruios
1361 2012 1398 2062 ad
1411 2012 1514 2077 Vergil.
1537 1980 1545 1993 ο

386 2078 444 2131 Eoi.
460 2080 475 2128 3
489 2080 532 2131 90.

387 2164 440 2199 non
452 2150 487 2199 A.

437 2354 518 2421 Epoi.
539 2354 576 2407 Χ.
602 2354 771 2406 Prooemium
804 2355 932 2407 Solaenti

388 2446 443 2496 tibi
465 2462 581 2507 nauem,
606 2443 712 2509 Maeui,
735 2450 762 2495 et
785 2448 812 2494 in
838 2450 929 2494 terrae

387 2539 590 2592 hanamarinae
599 2537 788 2600 proficiscenti
796 2534 868 2583 maia
879 2537 930 2583 im-

381 2640 497 2691 precpr‚
518 2640 587 2690 quac
599 2640 653 2675 non
665 2627 786 2692 effuffice.
807 2621 929 2687 (Metram

388 2714 432 2779 12)

438 2832 476 2883 De
488 2830 590 2882 Maeuio
601 2831 700 2882 Horatii
714 2832 814 2883 inimico
827 2838 855 2882 ct
863 2829 929 2882 Ver-

385 2903 442 2966 gilii
471 2902 647 2952 obtrectatore
677 2901 741 2952 baec
775 2901 927 2965 accepimus.

386 2971 518 3034 Vergilius
541 2969 599 3020 Eoi.
626 2969 641 3018 3
665 2971 716 3019 90³
744 2973 792 3034 qai
810 2970 928 3020 Bauium

385 3056 438 3091 non
450 3040 519 3101 odit,
532 3045 607 3089 amet
619 3043 667 3088 tao
681 3042 815 3101 carmina,
826 3038 925 3101 Maeui,

385 3109 417 3160 ati
428 3123 493 3174 quae
504 3107 610 3158 Seruius
620 3108 768 3158 auuotauit:
779 3124 833 3173 pro
841 3123 927 3172 poena

385 3181 413 3228 ei
423 3177 453 3228 id
464 3181 611 3245 opntiagat
626 3183 658 3228 ut
677 3177 781 3241 diligat
791 3176 926 3229 Maeuiam

382 3249 503 3312 peiorem
522 3251 647 3312 poetam:
672 3261 735 3296 nam
755 3246 880 3296 Maccius
902 3251 931 3296 ct

384 3315 490 3365 Bauius
501 3315 740 3379 pessimisaerant
747 3321 853 3380 poetae,
875 3317 928 3364 ini·

386 3385 453 3432 mici
476 3387 530 3430 tam
552 3383 667 3432 Horatio
692 3400 772 3448 qaam
794 3384 925 3448 Vergilia.

322 3468 325 3477 ·
387 3451 463 3503 Vada
474 3452 603 3501 Horatios
614 3451 729 3518 Epodie:
746 3451 822 3500 mala
834 3453 928 3500 soluta

384 3549 420 3556 —
432 3520 543 3569 olentem
555 3521 701 3570 Maeuiam.
716 3521 756 3570 Ad
766 3519 855 3568 cadem
865 3518 929 3568 Ver-

386 3589 441 3652 gilii
455 3590 534 3639 uerba
547 3590 637 3638 scribit
649 3587 842 3656 Philargyrus:
861 3588 928 3637 duos

385 3663 431 3708 sui
443 3661 571 3724 tem-poris
583 3663 680 3722 poetas
700 3658 769 3708 dicit
783 3659 927 3721 pessimos,

386 3742 499 3792 priorem
531 3731 655 3776 carmina
684 3727 715 3776 ob
745 3725 928 3775 bumilitatem

386 3797 490 3845 abiecta
507 3801 580 3845 aunt.
601 3790 708 3844 Seruius
727 3795 759 3844 ab
778 3793 833 3843 lici.
848 3795 862 3843 'i
877 3793 926 3841 21:

385 3865 469 3917 malti
479 3865 577 3918 acciunt
589 3867 616 3914 ia
631 3865 682 3913 icae
692 3864 782 3928 ecloga
794 3879 851 3912 csse
860 3858 929 3914 aile-

383 3936 503 3998 goriam,
518 3939 551 3984 at
561 3933 686 3998 capenas
699 3936 735 3982 sit
750 3933 859 3994 Cacsar,
878 3932 929 3982 Co-

384 4001 471 4067 rydon
494 4003 646 4066 Vergilius,
674 4000 768 4066 Pyraia
792 4017 856 4050 aero
880 4002 930 4064 qai

385 4073 523 4132 uincitur,
538 4069 657 4134 Vergilii
669 4071 855 4131 obtrectator,
876 4071 929 4116 eci-

385 4140 451 4187 licci
463 4138 626 4188 aatBaaias
639 4143 691 4186 aut
700 4139 784 4186 Areser
796 4137 929 4186 aotMae-

385 4211 458 4269 uicta,
476 4210 589 4271 pessimi
598 4211 703 4270 poetae.
723 4205 789 4254 idem
804 4207 835 4254 ad
849 4205 929 4254 uerba

385 4273 495 4339 Vergilii
509 4274 615 4340 (Georg.
631 4273 641 4324 Ι
656 4274 717 4338 210)
732 4277 816 4322 ecrite
827 4274 928 4323 hordea

385 4348 505 4409 campis:
524 4359 590 4393 saue
602 4345 779 4408 reprehensae
792 4342 820 4392 V
816 4343 928 4406 crgiliac

386 4413 491 4465 dicitur·
502 4427 519 4462 a
531 4414 617 4464 Bauio
630 4419 658 4464 ct
668 4414 731 4476 (aut
740 4411 847 4475 corrigit
858 4409 929 4461 Wei-

385 4481 459 4530 cheri
483 4481 509 4530 in
534 4480 608 4532 Poet.
634 4481 693 4532 Lat.
719 4481 793 4546 reliq.
818 4496 842 4545 p.
866 4480 928 4544 312)

385 4549 494 4601 Maeuio
506 4552 556 4601 hoc
565 4565 660 4600 aerea.¹
675 4550 777 4601 hordea
788 4553 836 4614 qai
847 4549 927 4612 dicit,

385 4624 511 4683 superest
528 4624 560 4670 ut
579 4622 675 4671 tritico
693 4619 778 4671 dieat.
804 4618 857 4671 Hoc
874 4633 931 4670 cor-

645 2081 670 2130 1.
690 2082 837 2131 scholiasta
850 2082 938 2134 Statii
952 2083 1034 2134 rtet.
1049 2082 1083 2135 lii
1097 2084 1140 2134 64.

1250 2083 1276 2132 2.
1296 2082 1404 2132 meuium
1418 2080 1514 2145 BHSg,

971 2370 1029 2407 meu
1048 2356 1137 2421 primis
1155 2354 1240 2409 Flacci
1261 2356 1451 2421 temptamentis
1471 2371 1515 2405 an·

973 2425 1154 2474 numerandum
1167 2425 1279 2475 uidetur.

1026 2529 1049 2576 1.
1069 2527 1143 2575 mala
1157 2526 1248 2576 colaia
1260 2530 1339 2576 nauis
1353 2528 1416 2575 ecit
1428 2526 1513 2575 alite:
1575 2526 1579 2531 '

973 2596 1026 2645 exit
1039 2611 1052 2645 c
1065 2603 1140 2661 portu
1152 2596 1176 2644 iu
1193 2595 1246 2644 alia
1264 2595 1353 2644 maris.
1373 2594 1437 2643 Dum
1456 2594 1515 2643 uela

973 2665 1108 2715 soluuutur
1121 2671 1146 2713 et
1159 2679 1268 2713 ancorae
1282 2664 1424 2725 tolluntur,
1444 2664 1515 2715 cauit
1532 2671 1535 2675 ·

971 2734 1039 2785 maia
1053 2734 1124 2795 ales;
1142 2732 1176 2782 ci.
1186 2732 1289 2784 Carm.i
1308 2732 1338 2781 15
1353 2733 1382 2782 5:
1396 2733 1470 2782 'raaia
1480 2759 1514 2768 —-

971 2806 1028 2866 aui,
1041 2802 1074 2852 ΙΙΙ
1085 2805 1100 2851 3
1112 2803 1139 2852 61
1150 2821 1155 2852 :
1171 2803 1238 2854 alite
1251 2803 1376 2866 lugubri‚¹
1390 2799 1470 2866 Epod.
1482 2801 1513 2850 tt

971 2871 1019 2921 232
1033 2871 1275 2922 secanda—aliie.
1290 2869 1372 2920 biario
1380 2869 1513 2919 Victorino

971 2941 1035 2990 duos
1055 2941 1148 3006 primos
1168 2939 1242 2989 huius
1261 2939 1335 3005 cpodi
1349 2953 1439 2988 uersus
1453 2937 1515 2988 aiic-

971 3011 1037 3058 reuti
1060 3009 1194 3058 Putsebius
1215 3010 1289 3058 maio
1314 3007 1448 3057 substituit
1468 3023 1513 3072 pro

969 3079 1053 3127 maia.
1076 3077 1222 3128 Scholiasta
1243 3077 1318 3126 Statii
1334 3075 1415 3126 Theb.
1431 3075 1513 3126 11164

970 3147 1001 3196 ad
1017 3147 1092 3196 Statii
1106 3147 1185 3196 uerba
1200 3151 1227 3196 ct
1239 3153 1280 3210 te,
1300 3147 1372 3196 mala
1384 3149 1514 3210 protiosae

970 3217 1045 3269 aies:
1059 3217 1090 3266 id
1102 3221 1144 3277 est
1154 3216 1258 3266 maiam
1272 3219 1428 3280 angariam.
1444 3213 1514 3279 Quo-

971 3289 1137 3348 tiescumque
1156 3287 1227 3334 enim
1247 3284 1302 3334 alec
1313 3285 1451 3350 feminino
1468 3299 1514 3348 ge-

969 3369 1034 3404 nere
1049 3356 1166 3416 dieitur,
1186 3355 1288 3404 malum
1306 3353 1447 3418 portendit
1467 3367 1514 3402 aa·

969 3427 1096 3486 garisim,
1117 3429 1151 3472 ut
1163 3424 1312 3474 Horatiae:
1331 3423 1405 3472 mala
1423 3420 1513 3472 solata
1574 3429 1577 3434 '

970 3495 1051 3542 naccis
1061 3495 1121 3542 caii
1135 3492 1215 3542 alite.

1023 3591 1048 3641 2.
1081 3591 1194 3640 orontem
1220 3592 1374 3642 Maeciam:
1404 3590 1513 3638 cientem

970 3666 1016 3708 sut
1028 3659 1098 3708 hirco
1111 3659 1208 3710 alarum
1222 3667 1268 3708 aut
1283 3659 1333 3708 atio
1347 3657 1460 3721 corporis
1473 3659 1515 3706 ui-

969 3727 1017 3776 tio.
1038 3727 1078 3776 Ex
1098 3727 1137 3776 bis
1157 3733 1340 3776 commentator
1354 3725 1458 3788 Cruquii
1474 3741 1514 3774 ec-

971 3800 1105 3844 otatorem
1129 3811 1225 3846 raucum
1246 3797 1427 3858 antiquaram
1447 3794 1513 3844 mele

970 3863 1087 3927 surnpsit.
1115 3861 1211 3928 Quippe
1234 3864 1433 3927 interpretatur:
1457 3855 1514 3926 fpu·

971 3933 1064 3994 titum,
1079 3939 1192 3997 turpem,
1212 3931 1303 3982 maium
1317 3937 1428 3996 poetam,
1442 3931 1513 3980 cuius

971 4001 1086 4053 carmina
1098 4009 1203 4070 puteant
1217 4001 1293 4050 nimia
1306 3993 1455 4050 uetustate'.

1024 4103 1100 4154 3-s.
1122 4102 1188 4152 Sutre
1206 4109 1293 4168 partes
1309 4102 1416 4166 singuiis
1427 4103 1513 4151 uentis

971 4174 997 4222 in
1019 4172 1156 4237 perniciem
1174 4170 1269 4222 Maeuii
1288 4172 1448 4234 detegantur.
1477 4170 1513 4218 De
1555 4187 1559 4194 ³

971 4241 1089 4308 Zephyro
1107 4243 1162 4292 siue
1176 4240 1290 4292 Fauonio
1311 4240 1361 4292 leui
1379 4247 1455 4290 uento
1475 4247 1514 4288 ta-

971 4319 1053 4361 cetur.
1103 4339 1109 4344 ·
1317 4335 1318 4338 κ

1004 4411 1049 4464 .3.
1070 4413 1210 4461 verberes:
1230 4413 1324 4460 Auster
1343 4411 1424 4459 undas
1444 4409 1514 4458 exci-

971 4485 1028 4530 tare
1048 4480 1150 4530 iubetur
1168 4488 1194 4530 et
1213 4480 1295 4529 latera
1316 4479 1389 4528 nauis
1409 4493 1510 4542 urgere.

974 4547 1057 4611 irnago
1080 4549 1159 4614 petita
1182 4556 1222 4599 est
1239 4563 1254 4598 a
1270 4563 1345 4598 seruo
1364 4547 1406 4611 qui
1424 4547 1514 4596 uerbe-

973 4625 1046 4669 retur
1059 4618 1090 4668 ob
1105 4619 1234 4672 delictum.
