3884 5525
922 617 1061 669 nonnuli

635 791 696 851 iarn
712 788 826 850 eludunt
843 788 925 864 aqui
942 802 990 849 me
1006 792 1067 849 est.
1092 788 1177 863 erlqe
1193 790 1224 847 te
1239 802 1357 865 morae,

568 900 576 916 ‘
634 916 692 962 nee
708 913 830 977 semper
845 900 941 961 urium
956 897 1058 961 Tibur
1073 902 1105 959 et
1119 897 1258 959 Aesulae

636 1011 756 1072 decline
772 1010 991 1085 contempleris
1008 1024 1120 1071 uuum
1136 1012 1168 1069 et

636 1120 789 1198 Telegoni
805 1121 880 1197 iuga
896 1121 1081 1197 parricidae.

533 1354 539 1361 ,
636 1292 831 1353 fastidiosam
847 1292 956 1353 desere
972 1293 1091 1367 copiam
1108 1294 1140 1350 et

635 1403 748 1465 molem
763 1404 967 1479 propinquam
984 1404 1118 1464 nubibus
1134 1402 1258 1463 arduis:

635 1514 744 1575 ornitte
759 1514 866 1575 mirari
882 1515 992 1574 beatae

636 1626 755 1686 iunium
772 1629 802 1684 et
817 1639 892 1701 opes
908 1624 1135 1699 strepitumque
1150 1620 1281 1685 liontae.

495 1867 521 1915 6.
540 1863 675 1928 NecAHg
694 1864 834 1913 Parisinus
854 1864 937 1913 teob:
971 1829 1011 1913 Nc
1027 1862 1090 1925 Bar,
1114 1860 1171 1912 Non
1191 1860 1241 1921 ug.
1324 1861 1400 1929 tybur
1417 1862 1476 1913 BG.

427 1934 531 1984 assulae
545 1933 606 1998 (stc)
620 1935 660 1983 A:
686 1932 773 1982 esulae
789 1931 850 1995 GH,
871 1930 962 1982 albulae
975 1932 1015 1994 B,
1034 1930 1110 1981 ciiule
1120 1947 1150 1997 g.
1264 1930 1289 1980 8.
1309 1936 1336 1980 te
1346 1967 1354 1982 .
1366 1931 1450 1997 Ιοςοιιί
1461 1968 1468 1981 .
1480 1932 1555 1981 iura.

427 2002 571 2068 parricidae
585 2002 699 2067 (puncta
712 2006 778 2050 sunt
790 2006 871 2051 nolae
883 1999 1026 2063 metricae)
1041 2001 1074 2049 A.
1145 1996 1282 2064 Telegonis
1294 2000 1327 2050 H.

1544 2166 1557 2195 ἱ

426 2260 460 2309 46
473 2257 547 2323 (21).
567 2258 776 2325 myrobalanum
791 2257 969 2325 Troglodytas
1013 2258 1221 2324 contempleris.-
1235 2272 1293 2307 narn
1306 2256 1406 2306 minima
1416 2256 1556 2305 timendum

427 2334 454 2377 et
481 2326 610 2377 Thebaidi
640 2332 669 2377 et
692 2328 810 2377 Arabiae
835 2343 903 2393 quae
927 2328 970 2377 Iu·
1012 2334 1085 2389 erat,
1108 2343 1139 2376 nc
1152 2325 1288 2377 Maecenas
1306 2325 1467 2389 grauissimis
1479 2340 1558 2388 nego·

428 2397 524 2448 ducam
560 2397 595 2444 ab
624 2397 750 2462 Aegypto
781 2395 968 2458 doceminor,
1012 2396 1058 2447 tiis
1078 2403 1138 2445 tuuc
1158 2401 1296 2460 occupatus
1316 2409 1421 2459 semper
1441 2401 1557 2444 content-

426 2480 563 2515 cornmorte
577 2470 627 2527 est,
641 2480 752 2514 nascens
764 2470 917 2530 unguento,
938 2470 971 2515 ut
1011 2465 1128 2531 piaretur
1140 2464 1226 2513 urbem
1240 2462 1401 2513 Tiburtinam
1414 2478 1444 2512 ac
1457 2463 1556 2512 uicinas

426 2536 484 2599 ipso
497 2536 605 2584 nomine
618 2538 744 2598 apparet.
1012 2534 1071 2583 huic
1093 2532 1221 2582 ciuitates.
1254 2532 1330 2581 immo
1353 2532 1430 2596 iunge
1450 2546 1557 2596 semper

478 2604 504 2653 5.
527 2606 602 2666 eripe
622 2608 649 2652 te
667 2617 777 2653 morae:
797 2616 969 2668 quaecumque
1012 2602 1112 2664 udum,
1138 2608 1167 2651 ut
1190 2600 1271 2666 Epeo.
1297 2601 1327 2649 ll
1353 2600 1401 2649 66:
1427 2601 1556 2665 benignae

426 2679 451 2722 te
465 2672 490 2721 ia
503 2670 565 2721 urbe
578 2678 719 2733 morantur,
735 2670 775 2721 bis
787 2671 857 2736 eripe
871 2678 905 2721 te.
925 2670 967 2721 Gi.
1011 2686 1117 2736 semper
1134 2670 1231 2734 ἀτιμίη
1261 2668 1318 2735 Epi.
1337 2668 1347 2717 l
1366 2669 1380 2717 2
1396 2669 1430 2718 56
1450 2684 1556 2732 semper

426 2740 471 2792 llll
488 2740 518 2790 12
538 2740 586 2790 25:
605 2756 675 2806 pone
692 2755 783 2792 rnoras
803 2746 830 2790 eb
846 2740 969 2792 studium
1011 2754 1130 2798 auarus,
1153 2738 1183 2789 18
1197 2738 1230 2789 98
1249 2753 1355 2802 semper
1366 2741 1444 2802 inops
1455 2766 1490 2774 -
1503 2738 1556 2788 Cu-

426 2810 506 2862 luera'.
990 2809 1091 2874 lpide.-
1111 2807 1193 2858 Tibur
1211 2809 1286 2857 udum
1306 2814 1346 2856 est
1361 2807 1554 2872 omnitempore

478 2879 533 2928 6-
544 2879 569 2928 7.
594 2895 642 2929 nec
658 2893 764 2944 semper
780 2879 864 2929 udum
885 2877 970 2928 Tibur
1012 2877 1163 2926 salientibus
1181 2876 1254 2941 aquis
1265 2875 1374 2926 Anienis
1394 2875 1465 2924 lluuii
1481 2883 1508 2924 et
1520 2875 1556 2924 ri·

426 2975 461 2984 -
480 2948 671 3012 conternplera's
692 2962 807 2998 aruum:
834 2945 969 2996 Maeeena-
1011 2947 1052 2995 uis
1065 2945 1124 2995 inde
1137 2945 1268 3004 deductim
1287 2943 1321 2994 ci.
1337 2945 1346 2994 l
1360 2945 1374 2993 7
1390 2945 1431 2993 ll.

426 3024 476 3066 tem
490 3015 584 3066 Romae
604 3016 720 3066 detinere
738 3021 845 3080 possunt
862 3021 908 3064 aut
924 3029 968 3062 cu·
1063 3015 1140 3063 6-7.
1156 3014 1272 3064 Aerulos
1283 3013 1553 3063 decline-aruum.-

426 3099 471 3134 raa
490 3083 599 3145 ciuiles,
620 3084 711 3147 quibus
728 3090 757 3132 ut
776 3098 804 3132 sc
822 3083 967 3144 subtrahat,
1006 3075 1108 3130 ‘nomen
1128 3081 1199 3131 urbis
1219 3082 1326 3131 alterius
1345 3082 1371 3130 in
1390 3081 1471 3131 latere
1484 3096 1556 3130 mon-

426 3154 543 3201 bortatur
560 3157 650 3214 poeta,
670 3158 716 3200 aut
732 3157 820 3213 gratus
840 3157 967 3215 aspectus,
1009 3149 1044 3198 tis
1064 3145 1239 3200 constitutae.
1253 3150 1352 3200 Acron.
1372 3149 1475 3199 incaute
1490 3150 1555 3200 baec

425 3235 473 3284 quo
486 3218 620 3268 fruebatur
632 3219 658 3266 in
671 3217 809 3282 Esquiliis:
831 3218 890 3267 inda
901 3219 968 3267 enim
1010 3219 1106 3283 scripta
1125 3225 1201 3268 sunt:
1222 3234 1279 3269 uam
1293 3219 1414 3269 Horatius
1427 3219 1491 3268 nibil
1503 3218 1554 3267 uisi

424 3285 505 3336 Tibur
516 3293 544 3335 et
555 3300 644 3348 agrum
656 3285 813 3335 Aesulanurn
832 3293 859 3335 et
871 3284 968 3335 Tuscu·
1011 3301 1109 3336 aruum
1138 3288 1235 3338 ueteris
1259 3287 1373 3337 ciuitatis
1397 3288 1552 3338 nominauits

425 3353 863 3419 lum‚amoenaloce,prospiciebat.
875 3352 967 3404 Strabo
1010 3354 1066 3420 ipsa
1088 3371 1136 3406 uon
1156 3357 1244 3422 procul
1261 3371 1277 3405 a
1297 3356 1355 3406 lacu
1374 3356 1473 3406 Albano
1492 3356 1553 3414 olim
1594 3365 1599 3372 “

425 3421 578 3486 V3§ii:
604 3419 634 3472 ἐν
655 3415 721 3486 ὄψει
743 3415 767 3470 δ’
788 3421 844 3471 εἰσὶ
863 3425 920 3480 τοῖς
938 3420 968 3474 ἐν
1010 3423 1060 3472 sita
1079 3423 1230 3490 interierat3
1250 3425 1284 3476 ci.
1299 3424 1399 3486 Plinius
1415 3423 1470 3476 llll.
1485 3423 1553 3474 illo

421 3487 510 3560 Ῥώμῃ
531 3484 652 3559 Τίβουρά
674 3505 703 3540 τε
724 3490 772 3540 καὶ
793 3493 969 3557 Πραίνεστος
1010 3493 1050 3558 (5)
1063 3491 1078 3557 ξ
1092 3493 1134 3543 69.

423 3561 472 3610 καὶ
486 3559 635 3610 Τοῦσκλον.
657 3559 724 3610 idem
742 3566 869 3610 nostrates
882 3568 968 3610 certa·
1061 3561 1087 3612 8.
1128 3561 1256 3628 Telegoni
1282 3566 1349 3628 iuga
1375 3562 1551 3628 parricidas:

424 3629 469 3679 tim
483 3635 598 3678 narrant.
620 3627 706 3694 itaque
721 3643 783 3678 uere
796 3643 843 3678 nse
856 3629 881 3678 in
895 3629 967 3680 bonis
1005 3626 1155 3681 ‘Tusculum
1173 3632 1266 3681 ciuitas
1284 3639 1326 3680 est
1344 3631 1369 3680 in
1389 3631 1553 3694 iugamentis

424 3697 497 3748 libris
519 3697 656 3760 scribitur,
682 3696 722 3747 cui
740 3698 765 3746 in
786 3697 914 3762 plerisque
936 3713 968 3748 ne
1010 3699 1166 3764 constitutn3
1201 3701 1267 3750 banc
1295 3699 1423 3762 signifieat
1453 3699 1552 3748 nomine

424 3767 589 3817 substitutum
613 3773 660 3816 est.
688 3765 866 3816 Lachmannus
886 3765 965 3832 (Mas.
1010 3768 1168 3819 conditoris:
1193 3766 1355 3829 aTeiegono
1376 3767 1443 3816 enim
1464 3767 1552 3818 Circes

424 3835 504 3886 liban.
529 3851 587 3884 nou.
613 3833 647 3884 lll
668 3851 692 3900 p.
706 3834 767 3899 616)
791 3836 836 3884 bic
858 3835 967 3886 coniecit
1009 3835 1247 3899 iilioiundatacst,
1268 3835 1553 3899 quiperiqnorantiam

424 3911 551 3968 receptum
564 3903 597 3952 ab
611 3902 772 3968 bienniique
784 3901 816 3953 N.
828 3903 965 3968 Bardines,
1009 3911 1107 3969 patrem
1143 3920 1214 3954 saum
1249 3903 1365 3969 qusscur
1400 3898 1551 3955 interemit'.

424 3979 728 4037 utrumquenonaptum.
749 3970 967 4023 Namilluelribi-
1008 3973 1108 4022 Acron.
1140 3972 1214 4022 Coni.
1238 3971 1317 4020 Silius
1339 3968 1384 4018 Vll
1406 3970 1474 4033 692,
1499 3971 1551 4022 xll

422 4041 505 4090 culam
519 4039 709 4110 promissiqnem
725 4039 847 4104 Horatio,
868 4042 915 4090 lroc
927 4041 966 4090 in·
1009 4041 1069 4090 535.
1089 4040 1176 4090 ouidii
1189 4039 1260 4089 Fast.
1274 4038 1308 4088 tlt
1322 4038 1367 4102 92,
1382 4037 1431 4088 itti
1445 4039 1488 4090 tt.

422 4117 507 4173 cuturn
541 4107 654 4158 laborem
685 4107 829 4160 Maecenati
864 4109 963 4158 tribuit.
1059 4109 1166 4158 9-12.
1197 4107 1299 4157 Omissa
1321 4108 1412 4158 domus
1436 4109 1550 4160 urbanae

423 4177 488 4228 illuri
502 4192 567 4226 nunc
582 4192 630 4226 nou
643 4192 755 4241 quaero,
770 4178 814 4228 sed
827 4177 904 4226 simul
916 4193 964 4226 non
1006 4179 1080 4242 copia
1100 4184 1127 4227 et
1138 4176 1246 4242 strepitu
1258 4176 1330 4226 urbis
1342 4177 1375 4226 ab
1388 4192 1429 4227 me
1441 4177 1549 4229 festina.

421 4245 507 4308 cretio,
522 4260 555 4294 ax
568 4244 665 4295 Horatii
679 4245 743 4296 uilla
756 4247 781 4297 in
795 4260 898 4295 recessu
910 4245 965 4295 ual·
1059 4246 1113 4295 9-
1126 4246 1166 4294 10.
1182 4245 1366 4312 fastidiosqm
1382 4273 1419 4282 -
1435 4247 1548 4297 ardua:

421 4315 454 4365 lis
478 4313 528 4363 sita
547 4311 629 4364 Tibur
651 4321 677 4364 ct
697 4313 835 4364 Tusculum
855 4312 964 4378 prospici
1006 4314 1106 4378 copiam
1118 4313 1179 4378 (den
1197 4315 1303 4364 rea'cben
1319 4313 1468 4382 Uberjloss)
1487 4316 1551 4366 dicit

420 4383 543 4450 potuisse.
564 4381 657 4432 Omnes
676 4390 746 4434 certe
765 4383 807 4447 qai
822 4381 963 4430 inillislo-
1006 4397 1068 4446 opes
1092 4381 1205 4433 urbanae
1230 4383 1334 4445 domus,
1360 4400 1425 4449 quac
1456 4385 1552 4435 niniae

420 4453 457 4502 cis
470 4451 616 4514 adfuerunt,
630 4451 786 4501 contrarium
799 4449 932 4499 affirmant.
1007 4450 1138 4500 fastidium
1160 4453 1304 4518 possessori
1325 4451 1411 4505 iacere
1433 4460 1548 4519 nouum.

472 4521 497 4569 6.
517 4537 564 4569 nec
575 4535 680 4585 semper
697 4519 780 4569 udum
794 4518 854 4580 (das
866 4521 963 4567 immor
1006 4519 1086 4570 notit
1108 4521 1206 4573 molem
1227 4526 1411 4588 propinquam
1435 4525 1550 4574 nubibus

412 4589 540 4651 sancite)
572 4589 671 4639 Tibur.-
707 4588 823 4638 uoculanr
858 4603 963 4652 semper
1006 4589 1119 4655 arduis,
1139 4591 1164 4642 b.
1178 4607 1203 4643 e.
1220 4593 1310 4642 turrim
1323 4589 1549 4643 Maecenatis-curn

419 4655 524 4718 iungere
538 4658 605 4722 noli,
620 4665 647 4707 ut
660 4657 737 4721 uulgo
750 4657 794 4721 nt,
814 4673 869 4737 cunr
882 4659 961 4708 uerbo
1007 4661 1080 4710 nouis
1099 4661 1207 4713 aedibus
1226 4661 1280 4712 eius
1299 4661 1324 4710 iu
1338 4659 1462 4727 Esquiliis
1479 4662 1550 4712 cebi-
