3884 5525
777 666 955 719 cnunlnvlt
976 666 1010 718 lll
1030 668 1055 718 3.

562 852 625 904 ιιοιι
641 836 758 899 ciuium
773 837 867 901 ardor
881 852 980 915 praua
994 838 1180 914 iubentium,

564 965 626 1011 uon
642 949 750 1011 uultus
765 950 913 1011 instantis
929 951 1058 1025 tyranni

565 1064 669 1121 mente
684 1061 785 1135 quatit
800 1062 910 1136 solida,
929 1075 1031 1136 neque
1046 1065 1165 1136 auster,

565 1214 628 1275 dux
644 1214 774 1289 inquieti
791 1214 934 1275 turbidus
951 1212 1097 1291 Hadriae,

566 1340 624 1385 nee
640 1324 835 1387 lulmlnantis
852 1339 964 1401 inagna
980 1340 1093 1387 manus
1108 1322 1212 1389 iouis=

567 1436 593 1497 si
609 1436 729 1497 tractus
745 1435 891 1497 illabatur
906 1436 1002 1513 urbis,

567 1546 747 1622 lnpaulllum
764 1546 878 1609 lerieut
893 1548 1014 1629 ruinae.

425 1796 450 1845 3.
466 1795 562 1845 tiranni
572 1796 605 1848 H.
690 1796 715 1845 5.
731 1794 860 1857 adriaeG,
875 1794 946 1845 allrie
955 1811 985 1860 g.
1073 1796 1097 1845 t.
1112 1796 1236 1847 illabatur
1245 1795 1348 1862 Gugo.-
1362 1796 1486 1847 illabetur

563 1865 588 1915 8.
608 1865 754 1929 iupauidum
768 1863 831 1915 BG:
851 1863 910 1929 imp.
925 1864 977 1928 Hg.
1559 1859 1563 1865 ’

350 1880 389 1933 pr
402 1864 454 1924 Βς.

354 2172 424 2221 bello
443 2172 469 2221 iu
482 2169 592 2222 Parthos
612 2178 638 2222 et
650 2170 750 2222 Arabes
770 2174 901 2224 transmit-

355 2241 433 2290 tendo
458 2248 544 2305 aptum
569 2248 646 2291 esset.
674 2240 746 2305 Quod
768 2242 901 2292 eonsilium

355 2326 412 2360 eum
425 2310 482 2359 urbi
498 2309 653 2374 imperioque
667 2309 835 2375 perniciosum
845 2327 901 2375 per·

355 2379 500 2444 spexissent
513 2377 649 2428 Maecenas
662 2386 688 2428 et
701 2376 840 2442 Augustus,
857 2380 901 2429 sed

355 2463 399 2497 res
429 2447 565 2496 multorum
597 2447 741 2497 rumoribus
779 2446 901 2511 ferretur,

356 2516 479 2565 Horatius
501 2516 556 2565 suis
578 2516 655 2565 armis
678 2524 768 2565 eontra
789 2532 901 2581 pugnare

356 2586 452 2651 eoepit.
479 2584 524 2633 Sie
546 2584 657 2633 intexuit
678 2584 820 2649 episodium
838 2586 902 2635 iilud

355 2670 371 2704 a
395 2654 519 2719 primario
544 2653 665 2703 carminis
693 2654 823 2718 proposito
853 2670 901 2703 nou

356 2724 486 2788 alienum,
509 2722 696 2788 impugnandae
723 2723 864 2774 sententiae
887 2738 901 2774 a

356 2793 480 2857 grauibus
495 2792 660 2854 auctoribus,
677 2798 706 2840 ut
718 2793 831 2855 uidetur,
845 2808 903 2857 pro-

356 2863 427 2911 latae
441 2877 489 2910 uon
510 2861 637 2925 ineptum,
659 2860 772 2912 nouitate
792 2875 903 2926 ‹parra-

358 2934 422 2987 σίας
431 2931 548 2996 poetieae
558 2929 662 2978 multum
673 2929 773 2994 gratiae
786 2937 812 2979 et
824 2931 903 2979 bono-

356 3002 392 3050 ris
407 2999 563 3048 habiturum.
583 2996 620 3048 De
638 3005 751 3064 tempore
771 2999 832 3048 edili
845 3014 904 3064 poe-

356 3069 432 3118 malis
450 3069 476 3116 iu
491 3066 623 3116 Prooemio
636 3066 721 3116 Caum.
734 3066 766 3116 lll
782 3068 793 3116 1
809 3067 903 3116 dietum

357 3145 406 3187 est.
444 3135 558 3186 Fallitur
582 3135 739 3202 Porphyrion
770 3136 901 3186 scribens:

355 3201 416 3256 ‘nou
430 3213 471 3255 ast
483 3205 536 3254 alia
550 3205 613 3254 bare
626 3205 675 3253 oda
687 3219 760 3269 quam
775 3204 901 3269 superior,

357 3276 402 3325 sed
418 3275 456 3324 illi
470 3273 610 3332 adhaeret;
629 3287 709 3337 quare
723 3273 848 3322 ialiuotur
860 3272 901 3338 qui

358 3359 403 3393 eas
416 3349 554 3408 separant,
574 3342 666 3407 quippe
685 3357 749 3406 quae
767 3341 903 3392 manifeste

358 3405 502 3462 cobaereul’
519 3411 709 3474 (cohaereant).
730 3409 801 3474 Quae
817 3411 902 3475 opiuiu

360 3481 436 3544 iecit,
455 3487 485 3530 ut
502 3481 566 3528 haee
585 3479 633 3528 oda
649 3481 674 3527 iu
689 3495 714 3527 u.
729 3479 864 3528 Biaudiuio
877 3485 903 3528 et

359 3551 383 3599 iu
406 3550 473 3598 libro
496 3547 636 3598 Parisieusi
654 3547 700 3610 (C)
722 3562 753 3597 aa
775 3547 904 3597 nonnullis

336 3619 339 3626 '
359 3619 418 3669 aliis
430 3617 511 3683 priori
525 3616 632 3666 carmini
642 3617 791 3666 continuata
802 3617 844 3667 sit.
859 3615 904 3667 Se-

360 3687 412 3737 euti
427 3693 486 3736 sunt
499 3685 612 3736 editores
625 3685 750 3737 nonnulii.

413 3787 504 3838 1-8.
524 3785 613 3838 Virum
633 3788 727 3838 iustum
746 3787 904 3856 apruposito

361 3857 510 3920 borsines,
532 3873 580 3906 uon
602 3863 740 3922 tyrannus,
761 3873 809 3906 uon
822 3858 906 3906 minae

360 3927 488 3976 caelestes
501 3926 642 3975 deterrent.

414 4011 438 4063 1.
473 4015 592 4061 tenacem
608 4013 761 4076 propositi:
776 4005 813 4060 ‘iu
834 4017 906 4060 senta

361 4079 449 4130 Stoica
461 4080 509 4128 hou
523 4079 632 4142 dieitur,
652 4079 746 4129 iustum
764 4080 847 4128 uirum
861 4079 920 4126 llo-1

361 4151 478 4214 uastique
498 4148 622 4214 propositi
642 4164 690 4197 nou
708 4148 800 4198 terreri
813 4147 905 4196 eiuiurn

360 4217 523 4283 opinionibus
536 4217 579 4266 uei
597 4217 688 4279 minis,
710 4216 865 4279 exigentium
879 4221 908 4263 ut

361 4287 460 4351 aliquid
480 4285 546 4334 iorte
566 4285 660 4334 rationi
674 4286 829 4335 eontrarium
843 4277 905 4332 liat’.

360 4356 461 4404 Aenon.
487 4353 613 4404 iustitiam
626 4371 674 4403 usu
686 4354 836 4418 ruentisque
849 4367 907 4416 pro-

361 4423 447 4472 balam
467 4423 573 4472 laudare
593 4423 689 4484 uoluit,
710 4424 801 4478 sirnul,
820 4421 906 4482 credo,

361 4491 504 4555 respiciens
525 4492 644 4554 Augusti
657 4493 766 4541 consilia
784 4491 842 4539 'iliis
864 4489 908 4538 ad-

309 4611 312 4618 ,
361 4574 441 4609 uersa
454 4560 494 4624 qui
500 4558 602 4610 Troiam
613 4561 750 4611 restituere
760 4559 907 4610 suaderent.

417 4643 442 4694 2.
472 4649 572 4696 ciuium
597 4647 683 4697 ardor
705 4660 794 4710 praua
819 4644 910 4692 iuben-

364 4716 453 4762 la'um:
467 4715 552 4779 eugilu
564 4715 720 4782 lymphatam
733 4713 832 4764 liberae
845 4711 909 4760 uiui-

944 2174 1007 2225 talis
1020 2173 1179 2235 contionem,
1199 2186 1262 2237 quae
1284 2173 1379 2224 frustra
1400 2183 1487 2241 postu-

945 2244 983 2294 lat
1001 2252 1030 2293 ul
1048 2243 1089 2292 uir
1106 2241 1188 2290 iustus
1208 2243 1360 2293 sententiaro
1376 2244 1425 2293 sibi
1439 2260 1487 2293 ιιοιι

944 2313 1076 2379 probatam
1090 2310 1199 2374 accipiat
1212 2318 1257 2359 aut
1274 2320 1424 2375 exequatur.
1443 2314 1488 2362 lu-

946 2384 989 2431 bet
1012 2380 1113 2441 contio,
1139 2384 1225 2442 patres
1256 2385 1382 2430 auctores
1398 2383 1486 2444 fiunt,

944 2450 1112 2514 magistratus
1124 2447 1214 2495 edient.

998 2535 1022 2583 3.
1040 2549 1093 2582 nou
1106 2531 1202 2580 verritur
1213 2534 1344 2581 instantis
1358 2537 1487 2598 tyranni:

945 2603 1022 2654 etiarn
1032 2616 1117 2651 eoram
1128 2600 1295 2661 regeiegibus
1306 2601 1389 2649 soluto
1397 2617 1488 2666 propo-

945 2672 1021 2722 situm
1029 2677 1101 2720 leuet
1110 2670 1205 2726 iustus;
1216 2662 1242 2716 ‘a
1251 2669 1342 2733 populo
1350 2669 1382 2717 ad
1391 2685 1486 2732 regem,

945 2756 961 2792 a
974 2756 1034 2804 rege
1047 2740 1078 2789 ud
1092 2739 1252 2800 elementum,
1271 2737 1303 2786 ab
1316 2738 1442 2788 elemento
1455 2740 1488 2789 ad

946 2811 1039 2871 deum,
1064 2825 1080 2858 ιι
1102 2809 1148 2856 deo
1173 2807 1204 2855 ad
1230 2808 1347 2856 ruaudum
1372 2803 1486 2858 labitur‘.

947 2880 1044 2930 Aenon.
1148 2879 1236 2924 lnrlut
1260 2876 1302 2939 qui
1328 2885 1486 2940 praesentem

946 2947 1043 2998 acriter
1056 2945 1178 3011 impellit3
1197 2943 1331 2994 admisceri
1351 2946 1432 2995 minas
1446 2962 1489 2994 uo·

946 3033 1003 3067 meu
1017 3015 1112 3064 uultus
1125 3013 1261 3075 siguificat.

999 3102 1024 3150 4.
1045 3104 1239 3163 mantspoaut
1250 3099 1354 3148 soie'da:
1371 3100 1412 3164 qui
1426 3115 1489 3164 qua-

945 3171 1025 3233 titur,
1049 3169 1080 3217 de
1102 3175 1171 3218 statu
1193 3167 1338 3233 plerumque
1360 3169 1488 3238 deiciturp

947 3239 992 3289 sed
1005 3238 1094 3288 solido
1108 3253 1187 3298 meus,
1206 3237 1288 3301 qualis
1301 3245 1341 3287 est
1353 3238 1403 3288 uiri
1416 3239 1488 3303 iusti,

946 3306 1120 3374 quatientibus
1134 3307 1256 3355 resistere
1268 3313 1361 3371 potest.

998 3401 1076 3450 4-6.
1090 3417 1174 3466 neque
1184 3406 1279 3450 auster
1287 3427 1322 3436 —
1330 3401 1421 3450 Iouis.-
1432 3409 1490 3465 post

947 3469 1073 3520 bominum
1087 3476 1199 3518 terrores
1213 3470 1244 3518 ad
1264 3477 1371 3520 naturae
1383 3471 1452 3520 uires
1465 3477 1491 3519 et

947 3539 1050 3588 deorum
1062 3538 1144 3586 minas
1157 3538 1329 3601 progreditur.

1000 3624 1025 3673 5.
1039 3623 1097 3671 dux
1110 3650 1138 3658 -
1152 3621 1286 3670 Hadriae:
1300 3622 1371 3670 sinus
1382 3621 1490 3670 iiadriu-

946 3693 1014 3744 tieus
1038 3706 1083 3756 per
1107 3705 1134 3738 se
1157 3689 1285 3752 inquietus
1307 3690 1408 3737 turbido
1427 3691 1490 3737 duee

948 3765 1046 3819 austro,
1059 3757 1100 3821 qui
1114 3757 1194 3805 undas
1207 3771 1237 3804 ex
1253 3757 1304 3806 allo
1318 3757 1381 3804 utari
1396 3757 1491 3806 intror-

948 3845 992 3879 sus
1005 3826 1085 3893 pellit,
1100 3825 1181 3886 magis
1194 3825 1317 3886 agitatur.
1344 3823 1390 3872 Vir
1409 3824 1491 3874 iustus

949 3897 996 3948 tuli
1017 3893 1164 3945 discrimine
1190 3893 1329 3958 prehensus
1354 3893 1385 3942 de
1415 3893 1490 3942 solito

949 3967 1043 4017 mentis
1065 3969 1133 4012 statu
1153 3979 1200 4011 non
1217 3961 1370 4010 detruditur.
1392 3960 1456 4012 cul
1476 3963 1490 4012 3

952 4036 999 4084 15:
1026 4049 1077 4097 quo
1097 4047 1150 4081 nou
1171 4033 1275 4080 arbiter
1294 4030 1414 4079 Hadriae
1433 4047 1491 4081 mu-

950 4108 1058 4153 iarael.

1002 4191 1028 4239 b.
1044 4202 1144 4252 anagnu
1157 4202 1255 4236 munus
1267 4187 1357 4236 Iouis.-
1372 4202 1437 4236 noue
1447 4203 1491 4252 pra

949 4261 1046 4322 magui
1056 4257 1129 4306 iouis
1145 4271 1255 4305 manua
1278 4253 1363 4319 Magni
1379 4255 1492 4306 'numinis

950 4342 1039 4375 manus
1051 4327 1106 4390 ipsa
1119 4339 1210 4386 magua
1224 4331 1272 4372 est.

1004 4412 1028 4458 l.
1036 4410 1287 4474 fruetus—ordis:
1300 4407 1368 4456 urbis
1378 4413 1418 4455 est
1427 4407 1493 4456 caeli

951 4479 1022 4528 orbis
1035 4479 1077 4542 qui
1091 4494 1167 4543 super
1179 4485 1262 4528 terras
1275 4477 1375 4543 pendet.

1003 4573 1028 4621 8.
1051 4573 1210 4636 lupualdum
1224 4601 1257 4608 -
1270 4575 1383 4622 ruinae:
1403 4568 1493 4617 ruinae

951 4642 1032 4706 ipsum
1046 4640 1154 4703 ferient,
1168 4641 1213 4690 sed
1227 4641 1292 4704 quod
1305 4639 1365 4689 boui
1375 4637 1494 4687 eouseius

951 4709 1000 4760 sibi
1013 4716 1063 4771 est,
1078 4708 1133 4758 sino
1146 4723 1240 4774 pauore
1253 4716 1357 4758 mortem
1371 4705 1461 4757 obibit.
