3884 5525
970 629 1109 682 HORATli

608 799 611 804 ’
683 801 852 862 destrictus
868 801 955 861 ensis
969 800 1021 860 eui
1037 811 1131 874 super
1145 798 1229 874 inpia

684 913 807 973 ceruice
821 900 945 988 pendet,
963 925 1026 970 non
1039 905 1164 972 Siculae
1180 909 1274 985 dapes

685 1021 807 1082 dulcem
822 1020 1026 1083 elaborabunt
1041 1033 1195 1096 saporem,

638 1215 642 1222 ¹
681 1147 744 1193 non
759 1133 865 1192 auium
881 1132 1081 1206 citharaeque
1097 1133 1208 1192 cantus

683 1297 828 1344 somnum
842 1284 1005 1344 reducent.
1038 1297 1167 1344 somnus
1183 1283 1355 1363 agrestium

684 1395 765 1456 lenis
780 1395 921 1456 uirorum
936 1409 998 1455 non
1014 1393 1151 1476 humiles
1164 1393 1282 1454 domos
1356 1413 1359 1418 ¹

683 1505 805 1566 fastidit
819 1505 1059 1579 umbrosamque
1075 1505 1185 1582 ripam,

683 1630 746 1677 non
761 1614 909 1691 zephyris
924 1614 1044 1690 agitata
1059 1613 1187 1690 Tempe.

683 1767 910 1828 desiderantem
926 1767 1007 1842 qnod
1023 1768 1100 1828 satis
1116 1771 1165 1828 est
1180 1781 1281 1843 neque

485 1868 494 1875 ”
596 1887 598 1892 ’
683 1877 912 1938 tumultuosum
928 1877 1078 1937 sollicitat
1093 1891 1190 1953 mare,

684 2003 741 2048 nec
757 2001 873 2048 saeuus
888 1984 1018 2048 Arcturi
1035 1987 1174 2048 cadentis

685 2098 821 2173 impetus
837 2090 896 2158 aut'
908 2097 1039 2158 orientis
1053 2099 1155 2174 haedi,
1247 2093 1251 2100 '

547 2271 587 2320 lt.
607 2268 750 2319 Uestricius
761 2269 868 2328 Anile.-
888 2269 1021 2319 districtus
1036 2267 1109 2332 Ggor.
1181 2267 1257 2334 impia
1270 2272 1332 2320 mei.

1049 2337 1091 2387 22.
1111 2337 1213 2388 humilis
1224 2354 1253 2404 g.

475 2341 508 2391 B.
625 2339 668 2388 20.
688 2339 860 2404 cytharaeque
874 2337 931 2388 BG.

1443 2269 1483 2318 18.
1501 2269 1605 2336 syeniae
1628 2291 1636 2308 ·

1372 2337 1414 2387 24.
1434 2337 1552 2404 zephyris
1565 2337 1604 2387 B:

476 2409 602 2467 astitisti,
617 2406 729 2471 zephiris
741 2407 815 2471 eug.
916 2407 959 2456 27.
980 2405 1317 2477 saeuusA:seuusBGHg.
1389 2406 1464 2456 .28.
1485 2405 1604 2471 hediGg.

529 2600 640 2650 17-24.
662 2599 689 2648 in
703 2601 750 2649 bae
767 2607 856 2650 nostra
869 2609 939 2652 sorte
952 2601 1018 2651 bona

476 2669 633 2722 conscientia
654 2684 715 2733 opus
740 2677 796 2733 est,
818 2677 847 2718 ut
870 2671 925 2720 sine
949 2676 1019 2720 metu

476 2755 553 2804 agere
573 2745 599 2789 et
618 2738 686 2787 dulci
707 2753 793 2787 somno
814 2736 863 2787 irui
877 2739 1016 2804 possimusc

405 2808 408 2813 ’
475 2825 535 2875 opes
557 2809 604 2857 hoe
627 2807 695 2872 inpio
717 2808 812 2856 homini
836 2815 865 2856 ut
887 2817 1019 2872 praestare

475 2878 583 2944 possint,
597 2883 695 2927 tantum
709 2876 797 2934 abest,
813 2883 841 2924 ut
853 2877 979 2925 securitas
993 2876 1019 2925 iu

475 2960 611 3013 pauperum
626 2944 741 2993 domibus
753 2944 898 3009 plerumque
909 2945 1017 2993 habitet.

528 3015 559 3062 17
570 3038 602 3048 -
613 3013 652 3060 18.
677 3013 823 3061 destrictus
840 3016 911 3062 cusis
929 3016 974 3061 etti
987 3039 1017 3048 -

471 3081 587 3147 pendet:
605 3080 629 3127 h.
645 3094 668 3127 e.
683 3080 726 3143 qui
744 3081 867 3128 scelerum
888 3080 1018 3129 conscien-

474 3150 511 3198 tia
524 3149 638 3210 agitatur
651 3154 677 3194 et
689 3154 811 3209 terretur,
832 3149 913 3197 ueluti
927 3148 1018 3197 Damo-

475 3217 528 3266 cles
552 3216 578 3263 in
603 3214 662 3262 aula
685 3213 801 3280 Dionysii
822 3217 926 3265 maioris
948 3216 1015 3279 (ute.

474 3280 656 3343 'l'use.V2l).
930 3297 933 3306 ¹

527 3350 568 3399 18.
599 3348 708 3397 Siculae
728 3350 828 3415 dapes:
855 3352 945 3415 quales
968 3352 1017 3402 Da-

473 3419 548 3467 mocli
578 3417 769 3482 apponebantur
792 3418 828 3481 inp
845 3420 905 3469 aula
935 3422 1015 3485 regia.

474 3486 546 3551 Quod
577 3485 656 3534 Siculi
687 3486 768 3551 epuiis
798 3487 965 3551 indulgebant
991 3490 1016 3539 in

472 3556 559 3605 lunum
573 3555 690 3619 prompti,
705 3555 769 3603 nibil
781 3556 831 3605 hnc
843 3558 962 3621 pertinet.

526 3624 568 3673 19.
589 3624 784 3673 elaborabunt:
801 3640 858 3674 eum
871 3626 958 3677 labore
971 3633 1018 3677 aut

473 3708 536 3743 cura
555 3691 697 3757 parabunt3
720 3700 805 3743 notum
824 3694 931 3744 uerbum
949 3694 1016 3760 (eio-

474 3763 620 3824 borobunt)
634 3761 727 3811 callida
739 3761 857 3812 iunctura
870 3780 936 3814 nunc
949 3779 1016 3814 eom-

472 3831 615 3879 mentiatur.

525 3898 594 3947 2l—
606 3897 647 3946 24.
671 3896 798 3963 Pauperes
818 3901 921 3964 saepius
940 3915 1014 3965 quam

472 3967 567 4015 diuites
581 3966 720 4017 securitate
735 3967 874 4031 potiuntur.

523 4034 635 4083 21-23.
647 4036 930 4100 somnus-fastidit:
939 4036 1014 4098 iunge

471 4118 580 4151 somnus
602 4103 669 4151 lanis
689 4120 742 4153 nou
758 4105 877 4169 fastidit
901 4107 1014 4154 humiles

472 4171 565 4219 domos
594 4174 745 4234 agrestium
772 4176 910 4235 utrorum,
936 4174 960 4221 b.
989 4188 1012 4221 e.

471 4238 562 4287 rustici
581 4240 695 4302 quamuis
713 4255 838 4305 pauperes
857 4256 932 4305 saepe
945 4241 1013 4289 curis

471 4314 565 4357 uacant
577 4314 652 4372 atque
666 4308 717 4357 leui
731 4305 817 4358 somno
830 4309 950 4370 gaudent.

522 4375 565 4424 23.
590 4378 798 4441 umbrosamque
816 4380 922 4440 rapam:
941 4376 967 4424 b.
987 4390 1011 4425 e.

363 4501 365 4505 .
469 4452 586 4508 pastores
599 4446 623 4493 in
638 4444 756 4493 umbrosa
769 4444 825 4507 ripa
837 4443 961 4493 iacentes.

521 4512 564 4561 24.
601 4514 726 4577 sapphyris
757 4515 864 4576 agitata
898 4511 1010 4577 Tempe:

470 4588 587 4643 pastores
608 4580 634 4628 in
651 4579 720 4627 ualle
741 4580 827 4629 uentis
845 4580 938 4645 tepidis
956 4597 1013 4647 per-

440 4680 442 4682 ·
470 4648 532 4695 data
544 4647 715 4712 quiescentes.

1115 2599 1238 2650 25-32.
1258 2599 1404 2652 Moderatus
1417 2602 1516 2652 damnis
1529 2609 1606 2652 uacat

1063 2677 1089 2720 et
1102 2669 1325 2719 sollicitudinibus.

1114 2739 1157 2789 25.
1178 2739 1249 2804 quod
1268 2741 1337 2789 sutis
1357 2743 1413 2789 est:
1434 2738 1499 2804 quod
1513 2736 1605 2788 sufficit

1064 2815 1171 2857 naturae
1193 2808 1279 2871 paucis
1301 2814 1443 2857 contentae.
1476 2806 1534 2871 Epl.
1558 2806 1568 2857 l
1589 2807 1604 2855 2

1062 2877 1110 2925 lu:
1131 2876 1205 2939 quod
1215 2880 1283 2925 sotis
1297 2882 1338 2925 est
1351 2880 1395 2925 cui
1407 2879 1551 2940 contingit,
1567 2876 1608 2925 nil

1063 2944 1181 3009 amplius
1195 2950 1287 3009 optet,·
1310 2944 1371 2995 ibid.
1387 2944 1408 2994 ll
1429 2944 1510 2993 252:
1534 2944 1606 3010 quod

1063 3028 1116 3061 non
1142 3012 1212 3061 desit
1235 3014 1276 3076 (=
1293 3014 1359 3077 quod
1385 3014 1448 3063 satis
1468 3013 1535 3079 est),
1557 3014 1605 3062 dc-

1063 3082 1175 3130 beatem.

1114 3149 1155 3197 26.
1184 3150 1383 3199 tumultuosum
1401 3178 1436 3187 -
1455 3165 1544 3199 more.-
1563 3156 1605 3199 tu-

1060 3216 1142 3265 multu
1159 3224 1293 3266 uentorum
1313 3218 1446 3282 agitatum.
1466 3217 1546 3269 Maris
1565 3226 1605 3266 tu·

1061 3284 1154 3335 multus
1174 3286 1332 3335 moderatum
1350 3286 1432 3337 uirum
1444 3303 1493 3336 non
1507 3284 1605 3337 sollici-

1063 3359 1116 3415 tat,
1143 3354 1209 3419 quod
1235 3371 1314 3420 neque
1340 3355 1393 3421 ipse
1419 3356 1483 3405 mari
1500 3355 1604 3405 uehitur

1062 3436 1142 3487 neque
1156 3438 1234 3473 naues
1247 3425 1303 3473 eius
1318 3424 1353 3473 ibi
1367 3430 1517 3475 commeant.

1112 3491 1154 3540 27.
1174 3493 1290 3542 Arcturi
1304 3493 1440 3543 cudentis:
1461 3490 1601 3542 Columella

1059 3558 1096 3609 ΧΙ
1117 3560 1149 3609 2:
1170 3566 1270 3626 quarto
1290 3561 1420 3611 kalendas
1438 3560 1603 3612 Nouembres

1059 3628 1195 3678 Arcturus
1214 3645 1324 3694 uespere
1339 3630 1455 3680 occidit.-
1474 3635 1603 3678 neuturus

1060 3697 1124 3746 dies.
1152 3696 1257 3747 Plautus
1276 3697 1340 3747 dud.
1356 3698 1419 3762 prol.
1435 3698 1482 3745 to:
1501 3698 1604 3747 Arctu-

1059 3781 1106 3815 rus
1130 3768 1238 3829 et‘guum
1262 3780 1323 3815 actm
1350 3767 1466 3813 omnium
1491 3778 1604 3815 acerru-

1059 3848 1148 3882 mum:
1168 3835 1307 3881 uehemens
1319 3846 1378 3881 sum
1391 3834 1525 3895 emoriens,
1540 3847 1602 3883 cum

1059 3901 1160 3963 occido,
1175 3902 1365 3949 uederneutn'or.

1109 3969 1152 4017 28.
1172 3971 1284 4017 orientis
1297 3966 1391 4017 boetii:
1408 3965 1443 4016 ei.
1458 3964 1490 4017 ad
1505 3967 1514 4017 l
1529 3969 1543 4018 3
1559 3969 1599 4017 tl.

1109 4036 1221 4085 29—30.
1241 4050 1294 4085 nou
1310 4037 1472 4085 uerberatos
1484 4052 1601 4087 -men-

1058 4104 1130 4154 darc:
1150 4103 1334 4167 temperantiae
1353 4112 1494 4170 compotem
1513 4106 1600 4155 clades

1056 4172 1148 4220 uineae
1171 4170 1314 4236 fundusque
1339 4188 1407 4238 spem
1434 4172 1527 4232 fallens
1551 4190 1599 4223 non

1056 4240 1119 4291 iacit
1131 4239 1268 4289 sollicitum
1275 4278 1284 4303 ‚
1299 4242 1366 4306 quod
1379 4242 1469 4291 uineas
1484 4242 1599 4291 landum-

1056 4314 1164 4373 queant
1182 4324 1230 4357 non
1249 4310 1364 4375 possidet
1385 4318 1429 4360 aut
1450 4311 1482 4360 ob
1505 4320 1599 4375 tempe-

1056 4375 1164 4493 rantiam
1177 4376 1301 4427 eiusmodi
1315 4380 1431 4431 damnum
1444 4379 1519 4429 facile
1531 4378 1598 4429 ierne

1056 4451 1131 4494 soct.

1080 4548 1086 4557 .
1109 4514 1151 4563 30.
1163 4514 1324 4580 fundusque
1341 4516 1477 4567 mendace:
1496 4522 1599 4580 praeter

1056 4582 1107 4632 uim
1131 4584 1262 4647 grandinis
1284 4584 1361 4633 etiam
1383 4585 1414 4633 ob
1436 4583 1598 4634 sterilitatem

1057 4650 1128 4703 fundi
1141 4668 1197 4720 spes
1211 4654 1319 4705 colentis
1332 4653 1410 4705 uitem
1423 4652 1490 4704 eludi
1503 4660 1597 4719 potest,
