3884 5525
754 581 934 659 deauravit
953 604 1002 657 uu
1022 607 1063 657 u.

525 782 528 788 '
545 770 645 839 maior
658 772 822 837 Neronum
838 789 913 837 mox
927 789 1028 851 graue
1041 776 1193 853 proelium

546 887 702 950 commisit
716 887 919 961 inmanesque
934 884 1053 949 Raetos

546 999 694 1074 auspiciis
711 998 830 1075 pepulit
845 998 1003 1073 secundis,

545 1150 733 1228 spectandus
747 1152 780 1212 in
796 1151 966 1239 certamine
981 1148 1098 1213 Martio

547 1262 658 1323 deuota
674 1262 766 1323 morti
783 1267 909 1339 pectora
923 1263 1041 1353 literae

547 1374 672 1448 quantis
689 1374 838 1449 fatigaret
852 1357 966 1448 ruinis,

545 1484 712 1545 indomitas
727 1498 822 1559 prope
837 1485 940 1560 dualis
955 1486 1056 1547 undas

547 1641 672 1698 exercet
687 1641 805 1714 auster,
824 1634 985 1699 Pleiadum
1001 1638 1095 1699 choro

409 1861 450 1911 14.
476 1862 599 1927 proelium
617 1861 682 1911 Bu:
708 1861 814 1927 prelium
832 1861 860 1913 S.
981 1864 1023 1913 15.
1047 1863 1211 1929 inmanesque
1228 1864 1268 1915 B:
1293 1863 1464 1925 immanesque

338 1928 390 1980 HS.
468 1930 625 1989 reetoang
652 1930 738 1979 rhetos
750 1930 828 1993 aas,
852 1931 996 1998 rlethoag.
1112 1933 1153 1983 16.
1173 1932 1465 1999 reppulitSeorreelue

338 1998 396 2047 ead.
411 2014 447 2047 m.
466 1999 573 2064 pepulit.
692 1998 733 2048 ld.
755 1996 878 2063 inligaret
895 2002 982 2065 guZ:
1006 2000 1131 2065 tetigerat
1143 2001 1230 2061 ause
1249 2000 1281 2066 (S
1300 2004 1358 2050 riae
1376 2013 1465 2050 eorre-

337 2069 445 2131 ele'aee).
552 2067 792 2133 alpinianus.
1116 2075 1122 2081 “

338 2314 477 2380 simplicem
495 2314 577 2365 uicem
597 2316 729 2366 axolnens.
754 2314 819 2366 Nam
838 2322 880 2367 aa·-
922 2318 1001 2369 Drusi
1013 2318 1103 2368 leudes
1116 2318 1220 2383 cecinit,
1236 2319 1275 2369 aie
1287 2333 1354 2368 anne
1365 2314 1466 2367 Tiberii

338 2400 393 2433 cem
413 2384 542 2433 exoluere
563 2390 639 2449 atque
660 2388 745 2434 aloem
767 2386 880 2435 reddere
924 2386 1098 2437 fortitudinem
1111 2387 1213 2436 extulit.

338 2459 377 2501 est
392 2456 475 2516 paria
492 2456 606 2519 parides
625 2454 739 2519 referre.
761 2452 834 2504 itaeti
853 2454 878 2503 iu
978 2456 1101 2505 ii-td.
1125 2456 1340 2520 spectandas-
1359 2456 1465 2503 raa‘ea'a:

338 2520 437 2570 ltaliam
451 2522 607 2587 superiorem
620 2522 793 2587 praedabundi
807 2524 880 2572 inua·
923 2532 951 2575 nt
969 2525 1080 2575 emineat
1097 2522 1196 2574 Tiberii
1217 2523 1356 2585 fortitudo,
1379 2522 1466 2571 hostes

338 2598 433 2652 serant,
448 2597 476 2639 nt
489 2592 594 2640 tradunt
608 2590 654 2640 uio
667 2598 694 2640 et
706 2591 814 2653 Strab03
832 2593 880 2641 hcc
922 2594 1077 2657 laudentur,
1097 2594 1183 2658 utoni
1196 2608 1252 2642 cum
1265 2592 1388 2641 libertate
1401 2590 1465 2639 mori

338 2658 435 2708 Drusus
454 2658 512 2723 plus
533 2660 591 2709 uice
610 2659 720 2725 simplici
738 2660 809 2710 ultus
828 2667 877 2710 est.
922 2662 1020 2712 uellent
1049 2662 1160 2727 (deuota
1189 2664 1277 2712 morti
1297 2665 1411 2726 pectora
1436 2659 1467 2708 Ιί-

337 2726 510 2795 Porphyrion:
528 2722 596 2778 ‘uult
608 2728 723 2793 intellegi
737 2729 762 2779 in
776 2737 881 2780 naemu·
924 2732 1024 2794 derue).

338 2797 378 2846 dis
395 2797 434 2847 laia
454 2813 502 2848 noe
522 2805 619 2848 tantam
635 2798 688 2848 illie
701 2798 800 2848 cladem
813 2798 880 2848 intn·
974 2800 1086 2850 tit-tt.
1106 2798 1228 2850 Tiberius
1246 2814 1303 2850 eam
1318 2797 1407 2864 rapido
1420 2811 1467 2846 aa·

337 2865 417 2929 lissa,
443 2874 564 2930 quautam
592 2867 641 2933 ipsi
666 2867 807 2931 dederant,
834 2867 879 2917 sed
922 2868 1137 2933 stroeonlertor,
1157 2869 1302 2919 celeritatis
1323 2866 1468 2917 habitere·

338 2935 369 2984 du
387 2930 458 2986 lem’.
921 2937 1002 2988 tione.

371 2950 513 3054 Pit-16.
533 3006 671 3053 maior—
682 3003 820 3054 seeundo:
835 3002 880 3052 Ti·
975 3007 1018 3057 20.
1040 3005 1189 3056 indomitae
1205 3021 1291 3071 prope
1307 3005 1399 3069 qualia
1418 3017 1466 3053 atn-

337 3072 423 3122 lterius
442 3087 497 3122 enm
511 3073 631 3135 Augusto
651 3073 677 3121 in
691 3071 803 3122 Galliam
821 3088 879 3138 pro·
923 3075 989 3126 das.-
1018 3090 1106 3141 prope
1129 3075 1205 3138 iunge
1229 3091 1285 3125 eum
1309 3067 1465 3134 iedomilat,

296 3182 303 3196 ,
339 3139 421 3192 lectu
434 3156 458 3190 a.
474 3141 535 3205 738,
549 3142 629 3191 missu
640 3140 760 3191 Caesaris
774 3157 805 3191 ex
820 3141 881 3192 Gal·
922 3143 1468 3210 non,utunlgolit‚enmquelr's-eoeer-

337 3209 372 3260 lia
391 3209 467 3260 tratri
485 3225 539 3260 cum
560 3210 676 3260 exercitu
695 3211 791 3262 auxilio
808 3211 880 3260 uenit
923 3219 973 3264 oet.
994 3213 1151 3279 Simpliciter
1167 3213 1315 3264 indomitae
1335 3211 1467 3261 nominare

338 3293 362 3328 e.
377 3277 444 3341 7393
465 3279 523 3328 dein
541 3286 648 3343 uterque
666 3277 879 3342 Raetosfflaetoe
923 3299 971 3331 non
992 3282 1092 3346 noluit,
1118 3283 1182 3347 quod
1206 3282 1331 3332 undarum
1356 3280 1467 3343 imagine

338 3354 363 3397 et
375 3345 535 3413 Vindelicos)
549 3348 664 3412 aggressi
681 3349 808 3398 uicerunt.
830 3348 879 3397 llio
924 3351 1006 3400 lortea
1024 3351 1161 3402 Raetorum
1180 3360 1300 3402 cateruas
1319 3363 1469 3416 repraesen-

338 3423 364 3466 et
376 3415 471 3465 Strabo
483 3416 546 3466 locis
560 3417 637 3466 indie.
665 3415 784 3466 Tiberius
805 3424 880 3466 natus
923 3420 990 3468 tauit
1003 3435 1018 3468 a
1030 3417 1135 3470 Tiberio
1147 3421 1239 3470 nicias.
1257 3421 1410 3470 indomitae
1421 3431 1468 3466 aa·

338 3500 362 3534 a.
372 3485 422 3534 712
436 3485 481 3547 (lt
496 3500 519 3534 a.
536 3484 611 3547 Chr.)
625 3492 685 3534 tunc
698 3501 777 3534 annos
790 3485 821 3533 27
836 3501 879 3534 nn·
923 3487 960 3536 let
971 3503 1023 3536 aaa
1038 3489 1192 3538 demotites.
1215 3487 1406 3552 Peerlkampiaa
1420 3485 1469 3534 lel-

337 3554 461 3616 merebat,
477 3554 576 3604 Drusus
590 3554 632 3602 23.
653 3554 758 3603 lloratio
772 3553 881 3602 sufficie·
924 3571 977 3605 sam
992 3563 1094 3606 secutus
1107 3558 1175 3605 illam
1190 3558 1331 3606 iuncturam
1347 3553 1468 3617 imaginis

338 3621 381 3672 bat
400 3623 563 3688 praecipuam
582 3623 642 3672 belli
662 3637 769 3688 pugnarn
788 3637 881 3670 memo·
923 3631 1053 3672 auctorem
1077 3625 1182 3673 eriruine
1207 3624 1367 3682 insectatur,
1393 3622 1467 3669 cuius

337 3705 409 3757 rasae
429 3695 526 3756 (graue
544 3692 705 3753 proellum).-
728 3706 755 3740 re
773 3705 836 3740 uera
856 3696 882 3739 et
924 3692 1037 3741 diluendi
1058 3707 1136 3740 cauae
1152 3690 1293 3740 Meineliua
1312 3689 1399 3739 attulit
1419 3687 1469 3736 Ca-

337 3758 436 3809 Drusus
462 3767 488 3809 et
507 3758 627 3809 Tiberius
649 3759 743 3809 Raetos
764 3759 881 3825 pluribus
924 3759 1054 3809 lanienam
1067 3758 1147 3820 (Geli.
1162 3758 1200 3808 xi
1214 3758 1258 3821 2)=
1272 3761 1335 3814 uita
1347 3759 1467 3805 lamara

338 3827 461 3880 cladibus
475 3835 647 3895 proruerent,
668 3835 697 3878 ut
713 3827 760 3877 llio
779 3827 882 3878 rettulit
922 3843 1008 3896 prope
1020 3830 1182 3887 artiserram
1196 3832 1247 3875 est.

338 3897 394 3948 l.e.
977 3895 1095 3944 21-22.
1128 3895 1265 3944 Pleiadum
1291 3895 1373 3943 edero
1396 3895 1469 3942 aeia·

390 3966 430 4015 15.
457 3970 632 4029 inmanesque
649 3964 766 4015 diaetas.-
790 3979 881 4016 saeuos
925 3966 1004 4016 dente
1022 3965 1122 4014 eadee.-
1142 3963 1256 4030 llyginns
1275 3964 1380 4014 Antron.
1398 3968 1465 4027 poet.

338 4033 362 4081 in
375 4033 462 4084 hostes
480 4042 506 4084 ct
523 4035 655 4099 captiuos,
675 4041 703 4082 ut
716 4032 808 4084 Strabo
827 4041 882 4084 tra·
926 4033 1011 4084 1121:
1031 4035 1143 4083 adoram
1164 4032 1261 4081 ducere
1273 4031 1393 4082 Pleiades
1413 4033 1470 4079 esci·

338 4101 532 4165 diditiilide,
546 4103 663 4152 crudeles
674 4102 699 4150 in
713 4103 809 4152 liberos
822 4118 881 4152 suos
924 4107 1076 4153 elimentur
1101 4101 1195 4150 stellis.
1229 4095 1358 4151 ‘Pleiades
1388 4099 1469 4149 dictae

309 4201 312 4206 -
338 4170 369 4219 ed
388 4172 591 4237 desperationem
611 4171 726 4233 redacti,
746 4179 775 4220 ut
793 4178 882 4220 narrat
925 4179 985 4222 sunt
1000 4187 1065 4236 quae
1083 4177 1109 4220 et
1122 4168 1267 4234 Vergiliee3
1290 4170 1378 4219 haruin
1399 4175 1470 4216 ortua

337 4237 428 4290 Florus
442 4240 488 4290 ΙΙΙΙ
506 4239 536 4288 12
556 4240 568 4302 §
582 4240 597 4288 5
611 4238 647 4302 (ll
659 4238 721 4302 23):
741 4239 882 4302 quaesere·
925 4247 1114 4305 tempestuosus
1127 4231 1184 4287 est’.
1203 4238 1302 4289 Acrae.
1327 4237 1469 4287 Columella

337 4311 377 4356 ra't
387 4309 552 4372 Alpinarum
563 4311 690 4372 gentiam
701 4308 817 4371 scallor,
832 4307 882 4370 sa·
925 4307 961 4358 ΧΙ
985 4309 1000 4357 2
1021 4308 1070 4357 at:
1100 4307 1201 4356 decimo
1226 4307 1355 4356 kalendar
1378 4305 1469 4355 Malae

337 4375 388 4426 eila
400 4383 444 4426 eet
455 4377 501 4426 uel
516 4376 710 4440 permulceret
730 4375 879 4437 ostendere,
927 4377 1065 4442 Vergiliae
1084 4391 1143 4424 eum
1157 4375 1214 4424 sole
1226 4378 1373 4433 oriantur-‚¹
1393 4373 1472 4436 Asre‘·

337 4459 405 4507 quae
419 4445 605 4507 deficientibus
616 4444 677 4493 telio
687 4444 809 4509 insontes
819 4460 882 4493 saar
926 4461 973 4494 ear
985 4445 1031 4494 ael
1043 4450 1150 4500 aester,
1172 4443 1228 4493 dier
1241 4441 1378 4492 tumidae.
1405 4439 1469 4489 inid.

338 4512 466 4580 adflictos
482 4516 559 4563 duma·
576 4517 604 4562 ia
627 4526 675 4562 ora
692 4514 811 4562 militum
833 4511 882 4562 ad·
926 4512 1002 4578 pit:
1022 4519 1100 4562 reato
1119 4511 1180 4562 idue
1194 4511 1318 4562 Octobris
1331 4509 1472 4572 Vergiliae

338 4597 421 4632 uerae
433 4586 578 4632 miserant.
714 4605 719 4616 ·
927 4585 1092 4631 caeduntur
1104 4597 1231 4646 uesper-e,-
1241 4580 1380 4645 sanceias
1394 4582 1422 4625 et
1432 4579 1472 4624 ia-

393 4651 518 4720 l'l—Sz.
548 4648 583 4700 Vt
605 4649 632 4700 in
657 4657 747 4714 quomo
771 4648 882 4699 carmine
927 4649 1036 4700 tardam
1047 4650 1163 4714 Africus
1181 4665 1242 4699 eum
1251 4647 1360 4714 pluuia.
1386 4642 1472 4695 Nubes
