3884 5525
924 603 1061 654 nonnuli

639 780 675 837 tu
691 773 822 835 seconde
840 787 994 834 marmora

641 887 726 963 loces
743 885 801 945 sul
817 885 918 959 ipsum
935 883 1043 959 sunus,
1062 886 1094 944 et
1108 881 1243 957 sepulcri

641 1040 794 1099 inmemor
809 1036 906 1098 struis
923 1037 1041 1110 domos,

640 1149 798 1222 morisque
813 1143 890 1208 Bais
906 1147 1114 1222 obstrepentis
1131 1161 1226 1222 urges

642 1303 829 1363 submouere
848 1299 951 1375 litore,

644 1427 751 1489 perum
767 1411 905 1486 locuples
921 1411 1102 1472 continente
1117 1411 1194 1486 ripn.

643 1566 715 1641 polo
732 1565 813 1640 qnotl
830 1579 929 1639 usqtte
944 1565 1104 1640 proximos

642 1676 769 1738 reuellis
784 1676 854 1751 egri
869 1676 1020 1736 terminos
1037 1678 1068 1734 et
1082 1673 1166 1735 ultre

642 1829 757 1889 limites
774 1820 933 1888 clientium

645 1939 721 1999 salis
737 1938 876 1999 nunnus?
897 1938 1025 2012 pellitur
1040 1940 1186 2012 peternos

642 2092 675 2151 in
692 2091 764 2150 sinu
780 2090 883 2150 serens
899 2088 974 2148 deos

645 2205 677 2261 et
692 2215 774 2261 uxor
788 2204 821 2260 et
835 2199 886 2260 uir
900 2199 1106 2274 sordidosque
1121 2203 1223 2261 natos.

508 2356 548 2404 18.
569 2355 679 2420 sepulcri
693 2355 718 2404 Α
724 2373 732 2403 .·
759 2354 887 2418 sepulchri
906 2353 1005 2419 sung.
1125 2353 1165 2402 19.
1185 2351 1309 2402 inmemor
1321 2352 1384 2402 BG:
1412 2353 1515 2402 iniremor
1528 2353 1561 2414 A,

437 2427 505 2476 imm.
521 2425 571 2488 lig.
682 2423 726 2473 20.
745 2422 802 2472 bnis
815 2427 883 2480 mei,
905 2439 958 2473 non
971 2422 1048 2472 baiis.
1071 2455 1075 2460 -
1127 2437 1204 2483 urges
1217 2421 1324 2486 Aultg:
1345 2437 1438 2483 urgues
1452 2423 1484 2472 B.

438 2494 481 2542 21.
501 2492 638 2542 Simoncre
649 2492 726 2556 Aug,
746 2492 910 2542 Summonerc
923 2491 979 2542 GH.
1050 2490 1137 2538 littore
1148 2491 1204 2538 BH.
1311 2506 1336 2538 u.
1348 2490 1460 2539 22-29.
1475 2506 1517 2540 om
1527 2491 1561 2538 A.

437 2562 480 2611 22.
500 2561 629 2626 locupleps
643 2559 674 2609 B.
785 2560 895 2610 24-27.
916 2560 1029 2610 Seruius
1041 2559 1078 2608 nd
1090 2559 1194 2622 Vergil.
1206 2559 1273 2608 Aen.
1288 2556 1323 2608 Vi
1337 2558 1397 2608 609.

437 2712 561 2763 mensium
581 2712 673 2763 celeris
693 2713 866 2773 successiote
884 2720 979 2763 mortn—
1072 2709 1195 2763 23—28.
1223 2709 1313 2776 Cupidi
1337 2710 1497 2777 praediorum
1521 2709 1564 2758 do-

438 2783 487 2832 lem
500 2789 526 2831 et
538 2782 597 2831 neni
610 2782 694 2832 breuis
707 2798 764 2832 esse
777 2783 911 2845 admonet,
933 2782 979 2832 sed
1022 2782 1084 2831 mini
1096 2796 1161 2831 none
1172 2780 1255 2845 spatie
1266 2780 1409 2844 acquirunt,
1421 2780 1478 2829 dnm
1488 2794 1564 2842 egros

437 2851 534 2913 tnagis
548 2851 629 2921 utqui
643 2858 748 2901 mortem
766 2867 815 2901 non
827 2867 884 2901 esse
897 2857 977 2916 putet.
1023 2851 1105 2899 adhue
1127 2864 1141 2899 n
1162 2848 1297 2899 clientibus
1319 2848 1401 2898 cultos
1422 2848 1470 2913 ipsi
1492 2864 1565 2897 ocen-

492 2919 980 2985 17-18.tueecnndn-ipeumfin·
1022 2926 1093 2983 pont,
1108 2918 1210 2967 colonos
1223 2917 1329 2983 pellunt.
1406 2918 1565 2967 nllrnle'mi-

438 3002 504 3036 nus:
519 2988 645 3051 componit
658 2987 755 3036 funeris
767 2988 980 3053 propinquitatem
1024 2992 1064 3037 tes
1075 2987 1217 3036 clientium.
1226 2987 1295 3035 salis
1308 3000 1427 3035 auarus:
1440 2986 1480 3034 iris
1493 3000 1565 3050 pree-

439 3070 494 3104 cum
508 3055 595 3104 lnbore
609 3070 714 3119 operoso
728 3063 754 3105 et
768 3057 902 3105 diuturno:
922 3070 983 3105 uem
1022 3070 1111 3119 grosse
1130 3054 1314 3119 explanantur:
1334 3054 1423 3119 quippe
1442 3055 1565 3104 terminos

440 3138 528 3171 secere
540 3137 682 3184 rnnrmorn,
702 3124 727 3172 lt.
743 3138 766 3172 e.
781 3124 806 3172 in
826 3131 925 3173 constes
939 3139 981 3172 se·
1023 3122 1126 3173 reuellit
1138 3123 1209 3171 dines
1230 3138 1362 3187 possessor
1380 3123 1470 3187 quibus
1487 3123 1565 3171 clien-

439 3204 514 3249 ettre,
541 3189 610 3251 longi
635 3189 730 3239 inbonis
753 3200 803 3239 est.
834 3192 873 3240 De
900 3192 980 3241 sectis
1023 3192 1085 3240 tium
1105 3192 1159 3254 egri
1179 3206 1194 3239 n
1215 3192 1268 3240 snis
1293 3200 1470 3241 secernuntur.
1497 3190 1565 3240 loin-

438 3257 607 3320 mermorjbns
624 3257 660 3306 ci.
680 3257 746 3307 Plin.
764 3256 877 3309 XXXVI
900 3260 979 3309 6-8
1022 3260 1087 3311 rinm
1102 3258 1160 3308 huic
1173 3259 1281 3309 similem
1294 3260 1417 3311 describit
1428 3260 1566 3309 Sallustius

439 3325 491 3390 (6).
519 3382 523 3387 ι
570 3325 658 3375 Inone:
683 3341 740 3375 eum
759 3327 917 3392 redemptore
934 3343 981 3393 pn·
1026 3328 1079 3393 lug.
1094 3329 1142 3379 41:
1159 3329 1281 3392 praedae
1299 3329 1566 3393 bellicast'mperoto-

438 3393 543 3445 eiecerie
557 3400 585 3441 ut
598 3394 644 3443 tibi
656 3408 781 3445 marmore
795 3403 875 3445 secet.
967 3391 971 3404 '
1024 3413 1066 3448 nee
1080 3412 1139 3447 enm
1149 3401 1247 3463 paneis
1263 3398 1443 3463 diripiebant:
1462 3402 1566 3447 interea

492 3461 614 3512 20-22.
634 3466 908 3529 marisque—ripn:
927 3481 981 3515 rno-
1021 3471 1151 3531 parentes
1169 3472 1220 3517 aut
1236 3471 1322 3532 parui
1340 3467 1419 3516 libere·
1438 3467 1565 3527 militurn,

440 3531 489 3580 lem
510 3532 649 3581 coementis
661 3532 739 3581 struis
751 3548 784 3582 ex
795 3534 941 3584 continente
954 3535 980 3584 in
1024 3538 1184 3601 utquisque
1200 3538 1350 3599 potentiori
1366 3536 1477 3596 confinis
1495 3538 1566 3595 erat,

440 3614 509 3648 rnnre
524 3598 768 3665 Beneuentanum,
788 3601 813 3651 in
833 3618 913 3667 enque
931 3604 982 3653 nil·
1023 3604 1131 3655 nedibus
1141 3604 1319 3667 pellebantur.

441 3669 490 3718 leur
504 3669 586 3733 ponis.
602 3667 642 3718 cl.
655 3669 687 3719 ttl
703 3670 713 3718 i
728 3669 839 3733 33-37,
856 3670 888 3721 24
902 3672 979 3721 3-4.
1076 3673 1188 3723 26-27.
1197 3673 1316 3737 pellitur
1325 3677 1457 3735 paternos·
1467 3675 1495 3717 in
1505 3674 1567 3719 sinu

492 3737 535 3786 21.
561 3738 720 3788 sttbmouere
739 3740 842 3790 litora:
864 3756 878 3789 e
899 3742 982 3796 conti·
1017 3744 1116 3808 serens
1129 3742 1209 3791 deos:
1224 3741 1295 3789 dines
1309 3754 1356 3787 non
1370 3744 1475 3785 neretur
1488 3737 1566 3787 deos:

441 3814 515 3856 nentc
529 3807 553 3855 in
567 3806 645 3856 nltnm
659 3807 809 3858 submonere
821 3809 897 3859 inetis
910 3810 984 3860 moli·
1025 3810 1112 3861 miseri
1126 3809 1231 3859 clientes
1244 3808 1321 3857 etiem
1333 3806 1359 3853 in
1375 3803 1478 3853 summis
1491 3806 1568 3856 melis

441 3875 497 3924 bns.
518 3875 561 3923 Sic
579 3876 645 3924 enim
663 3876 741 3926 litora
760 3878 790 3927 de
803 3878 859 3927 loco
872 3894 918 3928 sno
930 3894 983 3928 mo·
1026 3880 1086 3929 deos
1106 3884 1211 3937 curent3
1235 3879 1347 3939 paterni
1366 3872 1397 3921 di
1416 3880 1475 3921 snnt
1496 3873 1567 3924 ieres

441 3950 533 3992 nentur
557 3944 783 4009 (submonentem).
816 3946 884 3996 idem
908 3963 983 3997 marc
1026 3948 1068 3997 nel
1082 3942 1337 4011 penetesapntribus
1350 3941 1450 3990 traditi.

372 4031 374 4034 ’
441 4012 599 4061 eubnnouere
621 4013 687 4063 dixit
710 4012 807 4063 Senecn
833 4015 864 4064 (le
885 4013 981 4080 Tranq.
1077 4014 1120 4063 28.
1144 4012 1322 4073 sordidosque
1340 4016 1436 4059 natos:
1462 4010 1567 4061 sordide

442 4078 519 4128 enimi
531 4081 596 4129 c.3:
615 4084 772 4145 incipiemus
790 4083 914 4146 aedificia
927 4084 982 4133 alia
1025 4090 1096 4132 ueste
1116 4079 1271 4145 squalentes.
1286 4074 1344 4127 ‘ilic
1364 4078 1420 4144 ipsa
1438 4080 1476 4128 rei
1496 4094 1568 4129 neer-

440 4163 554 4213 ponere,
580 4148 635 4199 alin
659 4152 830 4213 conuertere,
857 4157 884 4200 et
907 4166 983 4200 mare
1025 4150 1092 4201 bites
1105 4147 1232 4212 descripte
1246 4154 1295 4210 est,
1318 4148 1432 4198 homines
1443 4162 1568 4213 pauperes

441 4217 616 4276 sotnouere,
642 4224 671 4268 et
689 4234 776 4283 oquae
797 4225 891 4269 contra
913 4219 983 4281 dnffi-
1026 4216 1182 4280 nreiigiosis
1200 4217 1304 4266 sedibus
1323 4216 1377 4266 suis
1389 4217 1475 4283 pulsos
1489 4217 1567 4266 etiam

442 4285 560 4334 collater
585 4286 704 4336 locorum
727 4288 832 4337 ducere.
860 4281 919 4334 ‘ilic
938 4302 983 4335 nn·
1025 4301 1100 4337 snertt
1119 4285 1221 4335 deorum
1242 4286 1371 4351 penatium
1388 4299 1473 4335 secum
1488 4287 1566 4347 ferre,

443 4360 493 4403 tem
522 4354 630 4419 corripit
659 4370 704 4404 eos
727 4356 770 4420 qni
793 4356 818 4403 in
844 4353 983 4417 ssnmpnnin
1026 4369 1082 4405 cum
1112 4354 1260 4418 discedent,
1287 4370 1333 4405 nee
1360 4354 1429 4403 uliud
1460 4352 1568 4418 nmpiins

443 4420 565 4471 affectant
576 4422 683 4473 molibus
697 4422 722 4471 in
738 4438 807 4473 mere
821 4422 896 4470 inctis
908 4436 983 4490 pree·
1026 4438 1100 4487 quum
1121 4422 1187 4472 iiiios
1210 4439 1284 4486 snos,
1306 4438 1368 4488 qnos
1390 4422 1506 4472 sordidos
1527 4420 1568 4469 ‹li-

442 4485 950 4556 torinsuperaedificare.Ponrnrruon.
1025 4492 1104 4543 nendo
1123 4493 1267 4555 grauiorem
1292 4491 1413 4541 inuidiam
1438 4489 1569 4555 expellen-

495 4558 538 4608 22.
564 4562 717 4609 continente
736 4562 813 4623 repa:
842 4559 984 4623 possessio·
1025 4562 1094 4612 tibus
1108 4556 1186 4613 ineit'.
1201 4561 1372 4613 Ponrnrnron.

444 4624 517 4675 nilne
529 4625 589 4676 sitis
601 4626 626 4675 in
638 4625 693 4691 ripn
705 4632 792 4677 terrae
805 4626 970 4679 continentis.
1078 4631 1191 4682 29—40.
1210 4630 1301 4681 Tertio
1314 4644 1373 4696 pers
1388 4627 1516 4679 carminis.
1539 4625 1568 4676 in
