3884 5525
480 635 522 697 48
564 630 568 656 ¹
976 633 1112 686 HORATH

565 818 651 882 spero
666 802 791 891 longum
805 817 941 888 reseces.
974 805 1045 865 duni
1062 804 1229 879 loquimur,
1248 803 1367 880 nigenii
1381 804 1490 865 inuida

489 1003 492 1009 Ι
566 918 670 976 octos:
689 928 781 990 corpe
797 914 889 1003 diem,
908 929 1000 990 quoio
1012 915 1178 976 minimum
1195 913 1321 976 credulo
1336 917 1473 990 postero.

1006 1139 1079 1200 XII.

578 1316 584 1332 =
688 1286 790 1370 Quem
806 1290 910 1351 ulrum
925 1293 981 1351 out
995 1289 1090 1351 heroo
1104 1289 1176 1365 lyra
1191 1289 1242 1352 uel
1257 1289 1323 1352 ocri

690 1400 767 1460 tibia
782 1400 881 1462 sumis
897 1401 1066 1479 celebrare,
1085 1395 1175 1462 Clio?

549 1553 684 1619 Sophicnm
696 1554 728 1604 de
747 1554 846 1615 leudibt
859 1555 962 1605 deornm
976 1562 1029 1620 utq,
1055 1555 1182 1605 bornicum
1196 1555 1230 1605 Α.
1335 1551 1556 1619 Prospttitonetice
1569 1562 1608 1605 te-

478 1624 592 1674 trocoios
604 1622 700 1674 ’smnus
713 1624 746 1673 B.
803 1619 810 1637 ¹
869 1624 1060 1690 (p)sphonc'tice
1080 1623 1218 1674 tetracolds
1231 1619 1326 1672 Ymnus
1345 1622 1377 1672 de
1395 1622 1514 1674 laudibus
1532 1624 1607 1684 deuii

480 1699 557 1757 utque
570 1693 697 1741 hominum
709 1693 743 1742 ii.
1585 1753 1588 1756 Ι

549 1762 574 1811 1.
594 1761 665 1811 Mor.
681 1761 837 1812 Victorinus
850 1766 879 1811 et
888 1760 1031 1813 Diomedes
1044 1761 1062 1810 ἱ.
1078 1776 1101 1811 e.
1172 1760 1224 1810 lira
1238 1758 1269 1810 G.
1375 1758 1400 1808 2.
1420 1760 1500 1811 tibias
1511 1762 1545 1812 A.

480 1844 565 1880 sumes
578 1844 636 1890 gu.
649 1829 820 1881 Btonde'ni'ur.
892 1829 1025 1890 celebrare
1041 1827 1071 1879 G.
1143 1828 1182 1879 clo
1196 1829 1228 1878 B.
1301 1826 1367 1878 chlio
1383 1826 1413 1879 G.
1510 1873 1512 1878 .
1582 1825 1585 1831 '

480 2001 535 2049 tius
556 2001 586 2048 iri
604 2001 697 2064 primo
717 1999 894 2049 Carminium:
917 2001 1019 2064 sopior,
1064 1999 1209 2064 imperium
1222 1996 1291 2047 laeti
1302 1997 1375 2047 ordi'e
1386 1998 1420 2048 ud
1432 1997 1479 2048 etto
1489 1997 1608 2048 admiri-

479 2070 544 2150 “J'M
558 2067 660 2147 litut&
680 2070 884 2147 PTWfaPia'·
954 2070 1020 2116 ΨΜ
1064 2090 1183 2140 stratur.
1198 2083 1319 2150 (Mctruin
1332 2085 1496 2152 Sapphicuni)

479 2135 580 2200 tipum
612 2134 743 2199 liquuntur
765 2151 826 2185 uina
849 2151 895 2201 per
917 2150 1020 2185 succuin

478 2207 617 2253 nicasium
635 2210 680 2253 unt
699 2219 745 2269 per
762 2204 850 2254 colum
868 2207 1020 2264 oduarium,
1116 2199 1202 2252 Verbo
1219 2200 1344 2267 splendidi
1362 2199 1482 2251 carminis
1500 2199 1538 2263 (u.
1549 2198 1608 2262 48),

478 2279 508 2321 nt
519 2271 589 2320 ctare
601 2272 678 2334 tint;
692 2271 726 2321 ci.
736 2270 817 2322 Serui.
827 2271 850 2323 li
862 2274 878 2322 4
890 2273 932 2322 51.
952 2271 1022 2322 Mor·
1062 2273 1154 2337 gentis
1167 2272 1301 2320 domoras
1316 2275 1398 2335 pater
1410 2275 1493 2334 atque
1505 2273 1608 2332 custos,

477 2340 550 2390 tintis
563 2339 635 2390 ΧΙΙΙΙ
650 2340 697 2389 103
716 2347 743 2390 et
757 2341 814 2391 104.
845 2340 970 2391 Athenaei
985 2339 1022 2390 xi
1064 2365 1098 2376 -
1120 2339 1170 2389 titi
1189 2353 1255 2389 eura
1277 2341 1374 2404 magni
1393 2339 1519 2390 Caesaris
1530 2336 1609 2402 sotis

479 2409 512 2458 60
525 2425 550 2473 p.
559 2408 647 2459 4800.
668 2409 776 2458 Beckeri
785 2408 876 2459 Gallus
890 2409 923 2460 lii
937 2409 1020 2475 pios
1065 2407 1142 2470 duta,
1152 2405 1510 2471 Augustumcotcbruiitgruni
1519 2405 1609 2455 morbo

478 2477 581 2528 -237,
646 2482 738 2544 spatio
752 2479 842 2528 breui:
862 2479 936 2529 breui
949 2479 1020 2528 nitue
1064 2491 1090 2528 n.
1106 2477 1152 2525 731
1174 2476 1200 2525 in
1218 2484 1358 2526 extremuni
1379 2476 1514 2526 discrimen
1527 2473 1610 2524 uddo-

479 2547 561 2612 spatio
581 2561 596 2595 u
614 2553 640 2596 to
660 2547 802 2613 spernndo,
824 2547 865 2597 coi
886 2549 1022 2614 opponitur
1064 2553 1147 2606 ctum,
1170 2545 1213 2594 sed
1232 2552 1287 2594 orte
1300 2543 1404 2594 Antonii
1418 2540 1506 2594 Mnsue
1525 2557 1609 2592 renie-

478 2631 539 2679 spee
557 2615 653 2679 longo,
680 2616 698 2664 i.
713 2631 737 2665 e.
752 2615 842 2680 longine
860 2617 933 2666 uitae
951 2631 1019 2681 spes.
1064 2613 1131 2664 diurn
1142 2612 1250 2676 frigidae
1260 2628 1340 2677 uquoe
1349 2613 1495 2662 adhibentis
1503 2619 1610 2676 proetcr

478 2681 530 2733 ΑΡ.
546 2683 595 2732 172
609 2697 687 2734 senex
700 2701 748 2746 spe,
757 2686 855 2749 longos
867 2692 984 2734 uocatur.
1064 2697 1132 2748 spcni
1143 2689 1269 2730 sonatum.
1288 2681 1334 2730 Dio
1344 2679 1400 2730 Liii
1411 2681 1455 2744 30,
1468 2679 1608 2730 Suetonius

530 2752 617 2803 7⁴-8,
642 2753 738 2803 inuida
762 2759 855 2803 oetas:
881 2759 957 2804 octos
982 2759 1022 2804 cst
1063 2751 1129 2815 Aug.
1149 2766 1173 2801 c.
1188 2750 1217 2800 ei
1241 2756 1267 2800 et
1280 2749 1328 2813 59,
1354 2747 1454 2799 Plinius
1471 2747 1528 2800 NH.
1543 2746 1609 2799 xix

479 2822 622 2872 iuuentutis
642 2814 742 2890 (ὥρα),
767 2828 796 2871 ut
813 2822 871 2888 Epi.
893 2822 902 2872 Ι
922 2822 1019 2871 2010:
1064 2818 1096 2869 38
1110 2818 1159 2882 (8),
1174 2814 1354 2882 XXiX5(i).
1381 2815 1452 2881 Quae
1465 2826 1610 2883 sequuntur

478 2890 561 2940 donec
581 2896 607 2940 te
627 2890 732 2940 deseret
748 2894 841 2949 otton
865 2891 950 2941 Corin.
966 2890 1019 2939 iis
1063 2888 1094 2938 dc
1115 2886 1173 2937 ioue
1193 2887 1278 2949 dictu,
1302 2886 1467 2937 insecundo
1489 2888 1609 2938 Caesare

480 2959 527 3007 132
552 2962 724 3009 corritenim
736 2960 923 3021 serueuetos.
951 2958 1020 3008 Haec
1063 2972 1174 3021 regnes,
1199 2962 1252 3003 tuin
1270 2954 1443 3019 dergusto,
1471 2961 1498 3005 te
1516 2960 1609 3005 niiuoi·

478 3027 567 3076 inuida
580 3034 628 3089 est,
643 3027 709 3090 quod
722 3026 773 3075 cito
782 3026 926 3076 absoluitor
938 3043 1019 3091 neque
1063 3024 1164 3074 loetum
1182 3029 1260 3087 reget
1271 3039 1372 3089 aequos
1385 3026 1490 3087 orbem,
1513 3024 1537 3072 in
1550 3025 1608 3088 qoi-

478 3095 578 3158 longum
591 3110 663 3143 usuoi
676 3094 715 3143 sni
728 3095 855 3144 concedit.
1062 3092 1108 3141 bus
1120 3102 1244 3163 suniniuiii
1263 3092 1396 3158 imperium
1410 3092 1517 3157 Augusti
1535 3093 1608 3157 prin-

546 3162 572 3211 8.
592 3177 674 3223 corpe
687 3162 773 3211 diem:
794 3169 822 3210 ut
835 3162 890 3211 dies
911 3164 954 3226 qni
975 3163 1019 3213 ud-
1061 3161 1125 3225 cipis
1138 3160 1299 3223 agnoscitur,
1324 3176 1412 3211 recens
1426 3161 1521 3226 scripta
1534 3170 1605 3225 sunt,

398 3262 402 3274 ι
477 3236 518 3280 est
539 3229 680 3293 cogitetur,
706 3228 770 3277 iecit
792 3231 948 3279 eootroriuin
970 3248 1020 3295 po·
1061 3236 1193 3295 pesiqunm
1213 3236 1299 3294 putres
1319 3229 1466 3295 imperatori
1486 3230 1605 3279 connote-

476 3304 558 3347 πονοι
585 3297 657 3346 Hunc
669 3312 760 3362 corpe,
779 3312 810 3346 ne
830 3297 912 3361 fugiat
929 3305 954 3347 te
974 3306 1020 3348 aut
1061 3297 1143 3347 seenti
1163 3313 1260 3347 onioeio
1281 3298 1421 3364 potentium
1442 3298 1604 3348 detulerunt:

476 3367 566 3427 intest,
578 3372 607 3415 ut
618 3366 701 3431 possis
714 3366 752 3414 oti
765 3371 892 3431 tumquuin
903 3369 964 3417 tiore
975 3368 1018 3433 qui
1061 3366 1230 3416 decreuerunt
1242 3367 1320 3431 enini,
1340 3374 1368 3417 ot
1380 3367 1510 3431 Augustus
1523 3367 1606 3417 tribn-

476 3434 599 3499 corpitor.
776 3467 779 3471 -
1061 3434 1128 3483 nicio
1151 3442 1279 3501 potestate
1303 3443 1424 3502 perpetuo
1443 3435 1603 3499 fungeretur,
1666 3486 1676 3503 ⁰

1060 3511 1089 3552 ut
1102 3504 1218 3567 quamuis
1231 3505 1319 3555 consui
1332 3520 1380 3554 non
1393 3511 1477 3568 esset,
1498 3506 1528 3554 de
1541 3518 1605 3568 quu-

528 3584 689 3637 cffiiffixpp
721 3586 892 3639 prooenpum⁸
934 3591 1018 3656 Qum„
1060 3572 1101 3653 uis
1114 3588 1142 3621 re
1155 3581 1243 3637 posset
1256 3573 1363 3636 referre,
1383 3580 1411 3622 ut
1423 3573 1603 3637 proconsulare

475 3678 568 3726 „imm
597 3683 647 3727 aut
676 3678 759 3729 ,ma
789 3695 886 3729 canam
1060 3640 1483 3707 imperioinperpetuumheberet,
1505 3641 1602 3688 oteius

898 3718 906 3742 ’
938 3697 1017 3747 mm
1061 3710 1085 3758 iu
1116 3711 1255 3775 prouinciis
1287 3716 1399 3775 potestus
1428 3708 1509 3755 ninior
1532 3714 1602 3756 esset

476 3764 574 3815 deum?
588 3767 706 3818 Deorum
718 3768 833 3819 laudato
843 3770 943 3834 Iouem,
953 3771 1018 3821 Pul·
1061 3793 1135 3842 quain
1156 3779 1199 3842 qui
1222 3778 1383 3843 proconsules
1404 3775 1460 3822 siue
1482 3788 1600 3839 proprae-

475 3854 555 3919 lada,
577 3855 718 3920 Liberum,
741 3858 859 3909 lisanam
873 3866 901 3910 et
911 3862 1017 3927 Apolli.
1060 3854 1129 3896 tores
1143 3847 1167 3895 io
1181 3860 1224 3895 eos
1237 3845 1407 3893 mitterentur.
1424 3842 1459 3890 De
1472 3842 1512 3891 his
1526 3856 1601 3893 occu-

474 3958 544 4007 rrem‚
565 3946 677 3997 heroum
690 3946 796 3998 dicetur
808 3948 943 4012 Hercules,
967 3950 1018 4001 Ca·
1060 3921 1116 4033 ἔξω
1131 3910 1600 4041 ἔῖὶῃὲἓὲῐῗῑῃέῃῗὲἓῗο,Βίεοῑὲῗιὶὲιᾞ

474 4038 535 4083 sior
551 4036 703 4098 circione,
725 4036 862 4087 dominum
883 4054 1017 4090 memora·
1059 4064 1117 4100 nor
1137 4050 1161 4097 in
1175 4048 1297 4097 Acritan
1319 4053 1346 4095 ei
1362 4044 1451 4096 Asiam
1469 4049 1600 4111 Angustus

476 4123 576 4172 punem·
588 4127 637 4187 qm·
647 4140 705 4174 „m
712 4122 861 4177 Romanam
871 4128 1016 4179 pnpuptmn
1059 4118 1126 4167 obiit
1138 4124 1165 4165 et
1176 4132 1209 4165 ex
1222 4115 1359 4179 longinquo
1369 4114 1463 4165 itinere
1474 4131 1539 4166 unno
1550 4117 1599 4166 735

400 4210 410 4225 2
473 4211 652 4263 reddiderunt
679 4230 696 4265 a
725 4218 836 4280 regibus
863 4233 948 4283 mque
979 4218 1017 4267 ad
1058 4187 1082 4235 in
1102 4185 1188 4264 urlicni
1206 4182 1491 4264 perniunculos).
1519 4185 1600 4235 tinius

1058 4253 1226 4318 expeditionis
1246 4260 1362 4318 purutuoi
1376 4260 1493 4317 spectoot
1509 4268 1599 4304 uersus

473 4300 574 4350 Iulium
592 4302 733 4354 Cattmm
752 4310 781 4355 0²
798 4305 922 4355 Martum
940 4306 1015 4355 Mat·
1058 4322 1090 4370 53
1098 4336 1164 4385 sqqc
1185 4336 1232 4370 reu
1246 4322 1364 4371 Parthos
1377 4322 1457 4377 Latro
1472 4326 1618 4373 inminere--

389 4390 392 4394 ’
473 4388 571 4439 cellum
584 4390 700 4457 (1-50).
728 4394 828 4445 Verum
844 4396 1015 4444 intertomi-
1058 4394 1098 4439 tes
1119 4392 1208 4453 egerit
1228 4393 1300 4440 iiiito
1323 4390 1439 4441 domitos
1462 4393 1598 4457 triompiio

473 4493 519 4527 n„
531 4482 669 4531 maximus
681 4486 799 4533 omnium
811 4484 910 4534 Cam,
918 4484 1015 4547 Augu,
1056 4461 1114 4507 sioe
1124 4459 1258 4533 subiectos
1271 4458 1390 4509 Orientis
1404 4474 1469 4509 croc
1478 4460 1560 4510 Seras
1573 4464 1600 4507 ot

1057 4526 1146 4578 Indos.
1176 4528 1284 4578 Accedit
1304 4527 1384 4577 uliud.
1415 4526 1596 4589 Eudemum,

472 4572 541 4631 ’Μ’
556 4573 632 4620 ‘⁹5²¹‘
644 4572 719 4621 ‘alu‘
731 4572 765 4621 αι’
778 4571 1014 4636 ²P⁸⁰1⁰¹¹⁰⁶u⁸²⁰'
1057 4610 1105 4659 quo
1124 4596 1215 4646 mortis
1233 4596 1372 4663 periculum
1390 4595 1519 4658 Augustus
1537 4595 1597 4645 etiu-

473 4654 564 4707 di'tior:
591 4674 654 4709 num
678 4659 715 4708 ud
738 4660 818 4708 toties
841 4659 1013 4743 uoluntatem
1056 4664 1109 4729 git,
1123 4662 1158 4715 ii.
1171 4659 1309 4718 Marcellus
1322 4664 1498 4715 sororisiiiios
1511 4664 1603 4713 morbo'
