3884 5525
772 588 951 643 cubtiiitvti
969 589 1006 641 lli
1023 592 1067 642 26.

859 1068 974 1129 xxvi.

563 1252 640 1317 Vixi
655 1254 767 1331 puellis
783 1268 883 1329 nuper
897 1252 1029 1316 idoneus

563 1370 594 1427 et
608 1366 741 1427 militaui
757 1380 820 1427 non
836 1354 904 1425 sine
918 1365 1039 1441 gloria:

563 1492 645 1538 nunc
662 1490 748 1538 arma
763 1476 1006 1551 defunctumque
1020 1476 1101 1538 bello

562 1588 705 1649 barbiton
722 1588 770 1648 bic
786 1588 888 1663 paries
903 1588 1041 1664 babebit,

550 1742 685 1804 laeuum
701 1742 840 1803 marinae
856 1743 909 1818 qui
925 1739 1060 1804 Veneris
1075 1741 1158 1802 latus
1465 1752 1480 1800 s

421 1927 458 1977 bd
471 1926 596 1978 Venerem
609 1930 757 1981 tetracolos.
776 1928 845 1980 Meti·
859 1936 912 1981 cet.
925 1930 958 1981 A.
1065 1928 1211 1995 paranetice
1225 1929 1388 1980 admonerem
1400 1930 1433 1980 B.

344 1998 389 2047 Ad
403 1996 528 2049 Venerem
541 1998 654 2063 loquitur
668 1999 734 2063 quod
754 2014 835 2064 neque
848 2014 935 2049 amare
956 2014 1038 2064 neque
1056 1999 1170 2049 seribere
1188 1998 1269 2065 possit
1288 2004 1392 2065 propter
1409 2004 1482 2049 aeta·

346 2074 401 2117 tem
415 2067 447 2185 li.
467 2136 608 2187 Diomedes
622 2136 657 2187 lll
671 2136 713 2186 37.
821 2138 846 2187 5.
866 2135 963 2187 Leuum
975 2135 1053 2202 BGg.

402 2366 488 2417 darm.
500 2365 596 2419 XXVI.
621 2367 791 2419 Prooemium.
817 2368 894 2419 Poel-
937 2368 1013 2433 quiae
1026 2366 1124 2416 ueteris
1137 2366 1240 2417 ardoris
1252 2367 1359 2417 subinde
1369 2367 1481 2429 gliscen-

349 2458 387 2507 lis
399 2472 487 2521 anper
500 2457 613 2507 idonens
625 2460 681 2509 tam
691 2459 801 2510 Amoris
814 2475 893 2511 orma
936 2438 970 2516 tis.
989 2451 1019 2485 ⁸⁰
1042 2452 1100 2485 “m
1125 2436 1298 2487 ⁰³⁰⁰⁸⁰⁰¹¹ti⁵·
1330 2436 1393 2485 cum
1416 2435 1479 2515 i⁰ii⁸

936 2512 1013 2555 ettam
1033 2519 1126 2553 uersus
1147 2505 1225 2570 lyrae
1243 2505 1386 2554 somarios
1405 2510 1480 2553 omit·

347 2548 492 2614 ‘dmm
512 2547 581 2598 ΜΗΘ
601 2547 758 2613 dis‘mmm
780 2553 807 2601 ’ἢ
827 2550 894 2600 “⁶⁶¹⁶
935 2580 992 2623 tere
1009 2581 1070 2623 tnnc
1088 2573 1217 2636 decreuit3
1239 2571 1275 2624 ci.
1289 2572 1404 2622 Prooem.
1416 2570 1477 2637 Epi.

350 2638 462 2689 Veneris
474 2640 597 2687 maranae
605 2639 731 2703 ponenda
742 2644 820 2705 poto.
843 2638 893 2703 To,
936 2642 947 2693 l
964 2643 989 2693 1.

349 2727 449 2790 Venus,
463 2732 543 2793 tange
554 2728 636 2778 semel
646 2726 749 2780 Cbioeo
759 2744 891 2794 arrogan-
988 2710 1012 2761 Ῑ·
1029 2710 1129 2776 Pudi&
1138 2738 1166 2747 ··
1176 2709 1287 2762 ‘mimi
1295 2728 1304 2759 ·“
1318 2708 1425 2758 ii⁰¹¹⁰¹¹⁸
1435 2708 1478 2774 ‘1¹¹5

349 2823 412 2868 rr·
428 2815 707 2884 (Memnonen)
935 2777 1479 2916 ttttttittttttttitillat

400 2914 454 2964 lloe
473 2929 578 2980 poema,
602 2932 650 2980 quo
670 2915 751 2966 amori
772 2915 892 2966 simulet
935 2933 998 2981 gans
1020 2933 1051 2968 ac
1072 2918 1120 2967 nisi
1148 2917 1225 2966 iallor
1249 2931 1312 2966 uera
1333 2923 1374 2965 est
1392 2915 1479 2965 Caroli

347 2981 437 3032 Musae
459 2985 560 3034 iocosae
580 2985 726 3048 renuntiat,
755 3000 821 3034 anno
841 2984 890 3034 733
937 2986 1042 3038 Franlii
1056 2986 1200 3036 emendatio
1213 2985 1379 3036 cresconius
1392 3000 1479 3050 nuper

347 3053 383 3113 (a.
394 3052 456 3102 Chr.
466 3053 511 3111 21)
525 3053 619 3102 laetum
628 3055 741 3104 uidetur.
762 3052 825 3102 Nam
836 3068 892 3102 cum
935 3049 1068 3106 idoneus’.
1080 3053 1212 3106 bisinnus.
1225 3054 1283 3106 Noli
1293 3054 1407 3103 eredere.
1427 3053 1480 3103 ru-

348 3128 466 3185 quartum
491 3121 552 3170 libri
574 3123 679 3172 secundi
701 3122 804 3188 scripsit
825 3137 892 3172 anno
935 3125 1052 3174 eliorum
1066 3141 1155 3174 nomen
1169 3124 1343 3174 necessarium
1358 3129 1431 3185 erat,
1450 3128 1479 3171 nt

348 3189 408 3253 730,
421 3191 447 3238 in
458 3205 568 3240 amorem
579 3207 606 3242 se
617 3192 666 3240 iam
677 3207 725 3240 non
737 3192 842 3241 multum
855 3192 893 3240 in·
935 3194 1001 3260 quod
1012 3193 1073 3243 belli
1085 3211 1166 3259 genus
1176 3194 1307 3245 diceretur
1316 3190 1479 3242 manifestum

348 3258 447 3308 clinare
457 3259 590 3324 protessus
600 3268 641 3310 est
653 3262 691 3324 (u,
700 3261 831 3323 22-2t);
846 3259 892 3310 sub
935 3263 1019 3314 lieret.

348 3326 414 3376 idem
425 3335 523 3392 tempus
537 3327 561 3377 in
575 3329 648 3379 tertii
661 3329 721 3378 libri
737 3330 785 3378 oda
799 3337 891 3394 quarta
987 3333 1013 3380 2.
1032 3331 1155 3382 militaui
1164 3347 1217 3382 non
1229 3334 1286 3380 sinc
1295 3331 1404 3396 gloria:
1424 3329 1479 3393 glo-

348 3396 449 3446 decima
461 3397 547 3446 ludum
558 3399 654 3447 amoris
665 3414 712 3448 non
725 3397 824 3462 spreuit
836 3397 891 3462 qui·
934 3399 974 3448 ria
987 3415 1042 3448 cum
1054 3401 1190 3465 praecipue
1203 3401 1280 3450 rebus
1293 3398 1393 3448 bellicis
1405 3413 1480 3464 pare·

347 3464 420 3527 dem,
443 3466 488 3514 sed
501 3481 597 3516 omnem
616 3467 782 3532 inpotentiam
800 3465 893 3516 uitauit
934 3475 992 3530 tur,
1012 3484 1102 3518 nomen
1115 3476 1174 3533 apte
1193 3485 1259 3518 nnnc
1276 3467 1434 3517 transfertur
1446 3467 1478 3516 ad
1496 3517 1501 3525 ,

347 3539 375 3582 et
393 3534 510 3584 ardorem
536 3535 678 3586 iuuentutis
704 3551 759 3586 cum
779 3550 891 3600 eaquae
935 3535 1054 3585 militiam
1072 3537 1177 3586 amoris.
1206 3537 1247 3587 Ci.
1263 3535 1336 3585 lllll
1355 3537 1400 3584 lb:
1422 3537 1479 3584 tate

348 3602 399 3651 iam
432 3602 543 3652 inualnit
573 3605 713 3654 securitate
737 3603 890 3670 composuit.
934 3607 1013 3667 signa
1026 3605 1109 3668 seret
1124 3605 1240 3653 militiae
1258 3610 1329 3652 tuae.
1360 3601 1479 3653 Tibullus

348 3668 448 3734 Quibus
470 3671 573 3722 indiciis
592 3673 657 3724 banc
676 3675 742 3724 oden
763 3688 828 3723 anno
842 3671 889 3721 731
934 3670 944 3721 l
967 3671 982 3720 3
1005 3672 1054 3721 82:
1080 3673 1138 3721 illic
1160 3675 1197 3720 sit
1222 3675 1382 3736 quicumque
1405 3686 1478 3720 meos

349 3745 393 3788 aut
406 3741 520 3804 proximo
531 3742 706 3792 ascribendam
720 3758 775 3792 esse
786 3741 892 3791 credere
935 3741 1058 3790 uiolauit
1075 3754 1197 3802 amores,
1219 3743 1332 3804 optauit
1349 3739 1438 3788 lentas
1451 3742 1480 3787 et

270 3845 279 3853 ,
348 3808 440 3872 possis.
462 3808 511 3858 Sed
522 3811 758 3876 templumVeneris
771 3813 903 3860 marinae-
934 3810 1003 3859 mibi
1013 3808 1138 3857 militias.
1204 3819 1212 3830 ·

247 3905 248 3909 =
347 3877 402 3925 ub
420 3885 585 3928 memoratum
605 3880 719 3930 ostendit
738 3880 785 3929 boc
804 3891 892 3945 poema
987 3877 1013 3925 3.
1033 3891 1126 3926 armo:
1140 3889 1287 3940 armaquae
1300 3881 1401 3924 amator
1413 3875 1479 3925 solet

349 3945 374 3994 in
388 3945 464 3995 litore
476 3947 558 3996 maris
571 3955 657 3998 natum
670 3963 737 3998 csse.
766 3948 803 3997 Ad
821 3962 891 3996 mare
935 3945 1066 4006 adbibere,
1081 3951 1265 3994 enumerantur
1277 3961 1303 3992 u.
1315 3944 1392 3994 6-8.

348 4013 373 4062 in
399 4015 462 4064 urbe
482 4013 573 4064 Veliae
601 4023 646 4066 ant
665 4016 766 4066 Salerni
785 4015 892 4065 Flaccus
989 4014 1077 4063 3-4.
1098 4013 1309 4078 defunctumque
1328 4013 1395 4063 bello
1415 4015 1479 4064 bor-

348 4083 416 4131 uixit
424 4099 471 4148 per
481 4085 587 4134 biennem
598 4085 658 4134 anni
668 4085 728 4148 733,
741 4099 771 4134 ac
781 4088 892 4150 pinguis
938 4085 1026 4133 bitom:
1046 4098 1101 4132 cum
1121 4097 1206 4132 amore
1219 4082 1295 4132 etiam
1315 4081 1426 4132 iocosam
1438 4083 1479 4149 ly-

349 4151 408 4200 inde
423 4167 544 4202 reuersus
557 4160 598 4202 est
615 4169 694 4203 uerno
708 4161 819 4217 tempore
833 4153 892 4201 anni
936 4167 991 4202 ram
1010 4152 1150 4201 amissurus
1169 4157 1223 4208 est,
1244 4151 1271 4199 id
1284 4151 1349 4216 quod
1368 4167 1397 4201 re
1416 4166 1477 4202 uera

350 4219 415 4282 7343
436 4221 492 4285 lege
506 4219 665 4271 Prooemium
684 4221 811 4288 epistulae
831 4221 846 4268 4
867 4227 894 4269 et
937 4220 1015 4280 fecit3
1031 4221 1088 4284 lege
1102 4218 1268 4268 Prooemium.

351 4287 380 4336 15
388 4288 448 4338 libri
460 4290 563 4356 prioris.
574 4287 646 4340 Tunc
656 4291 708 4340 nim
719 4289 814 4338 amoris
823 4287 893 4338 deie—
987 4289 1066 4338 5-6.
1089 4289 1196 4338 laeuum
1208 4291 1332 4337 marinae
1343 4314 1378 4324 -
1390 4293 1479 4337 custo·

350 4357 416 4406 cisse
430 4360 513 4408 sensit
531 4367 558 4408 et
575 4358 615 4408 bis
628 4359 748 4408 uersibus
767 4357 820 4408 suis
834 4373 894 4406 con·
937 4357 994 4407 dot.-
1016 4358 1105 4407 aedem
1123 4356 1193 4405 illam
1214 4355 1239 4404 in
1257 4355 1333 4405 litore
1349 4355 1427 4404 maris
1440 4356 1478 4405 sic

350 4425 468 4478 credidit.
495 4425 557 4476 Post
575 4427 600 4476 id
620 4435 718 4493 tempus
737 4426 836 4476 ludicra
850 4441 893 4474 ca·
936 4426 1045 4490 positam
1059 4441 1116 4476 esse
1129 4425 1228 4488 cogita,
1248 4431 1278 4473 ut
1289 4424 1380 4473 laeuus
1392 4423 1479 4488 paries

350 4509 408 4544 nere
422 4495 517 4544 desiit:
532 4509 589 4544 nam
603 4511 683 4562 pauca
696 4495 770 4545 buius
780 4494 891 4558 generis,
936 4494 1062 4544 orientem
1073 4493 1210 4558 aspiceret,
1220 4492 1329 4543 faustam
1338 4493 1477 4555 regionem.

350 4577 413 4626 quae
445 4579 492 4630 per
518 4564 612 4614 librum
637 4571 753 4629 quartum
779 4563 894 4629 dispersa
935 4559 1022 4612 Venus
1034 4566 1143 4612 marino
1158 4569 1280 4624 uocatur,
1302 4560 1368 4625 quod
1388 4560 1479 4609 emori

349 4630 578 4698 deprehendimus,
613 4640 673 4683 sunt
696 4632 810 4682 infirmae
835 4631 895 4681 reli·
936 4630 1060 4692 originem
1082 4631 1151 4680 ducit
1177 4629 1237 4695 (llll
1252 4630 1281 4680 il
1299 4628 1353 4693 15).
1383 4626 1478 4679 Verum
1512 4674 1514 4677 .
