3884 5525
963 634 1102 688 HORATll

987 941 1096 1007 vm„

677 1096 751 1162 Vlla
766 1098 794 1160 si
808 1099 888 1160 iuris
904 1097 958 1158 tini
975 1095 1103 1172 peierati

677 1224 788 1285 poena,
806 1206 932 1285 Barine,
950 1207 1112 1270 nocuisset
1126 1219 1285 1282 umquam,

678 1319 771 1382 dente
786 1321 813 1380 si
830 1321 920 1396 nigro
936 1320 1028 1380 lieres
1043 1317 1094 1379 uel
1111 1329 1172 1378 uno

679 1431 802 1507 turpior
815 1431 926 1508 ungui,

678 1581 854 1644 credercm=
873 1582 926 1643 sed
942 1585 978 1643 tu
993 1579 1087 1642 simui
1103 1577 1249 1655 obligasti

678 1691 828 1769 pertidum
845 1693 930 1754 uotis
946 1695 1050 1767 eaput,
1069 1687 1218 1751 enitescis

677 1802 837 1878 pulchrior
852 1803 950 1864 multo
965 1803 1178 1876 iuuenumque
1193 1797 1298 1875 prodis

676 1913 800 1988 publica
815 1925 901 1974 cura.

537 2063 577 2114 Ad
590 2063 707 2115 Bariueu.
736 2063 805 2116 Meti
822 2065 952 2131 saphicum
964 2065 998 2114 A.
1115 2059 1328 2125 Prosagoreutiee
1342 2057 1423 2110 iuliae
1435 2057 1538 2111 Bariue.
1568 2058 1595 2110 lu

469 2133 628 2183 meretricem
641 2148 758 2200 rapacem
771 2150 802 2185 ee
815 2137 942 2200 periuram
955 2133 988 2184 B.
1092 2129 1303 2194 Prosagoreutice
1322 2129 1409 2178 ltelare
1421 2125 1543 2178 Vel-inae.
1569 2126 1595 2178 in

469 2202 627 2252 meretricem
641 2217 757 2268 rapacem
770 2217 801 2254 ee
813 2202 911 2269 perium
924 2204 957 2253 it.
1063 2199 1100 2251 Ad
1115 2199 1204 2251 lulium
1217 2198 1327 2248 Bariueu
1340 2197 1488 2250 Blandtuis‘.

522 2269 547 2320 1.
566 2271 709 2322 Diomedes
722 2272 741 2322 l.
752 2287 776 2322 e.
845 2271 942 2339 peierati
951 2271 985 2321 A.
1089 2268 1115 2318 2.
1133 2281 1200 2334 pene
1213 2266 1243 2317 G.
1315 2265 1405 2316 herine
1414 2262 1596 2329 BGu‚=hariue

459 2354 609 2404 ¹suprascr.
622 2339 633 2390 i
649 2356 666 2389 u
682 2340 722 2405 (lt.
731 2357 755 2391 e.
765 2340 867 2402 uarius)
875 2342 901 2392 A
907 2359 916 2390 .-
938 2338 1028 2389 ueriue
1037 2337 1090 2397 Ης.
1160 2349 1276 2405 umquem
1287 2335 1323 2398 B,
1343 2348 1452 2398 unquam
1462 2349 1493 2400 g.

469 2407 496 2456 4.
515 2408 645 2471 umguiB.
748 2409 775 2459 d.
795 2409 900 2460 nitescis
911 2408 945 2460 A.

521 2543 606 2596 Germ.
620 2544 687 2597 Viti.
713 2544 880 2597 Prooemium.
907 2545 1010 2609 mem,
1054 2540 1125 2591 uelut
1137 2547 1261 2590 amantem
1275 2532 1409 2604 erupisse'.
1481 2537 1596 2588 Bartae.-

469 2627 582 2696 Barim,
596 2635 691 2687 amo
704 2634 881 2687 iureiurando
895 2637 1012 2686 omia,
1054 2609 1154 2676 puoliae
1165 2624 1253 2659 nomeu
1264 2608 1358 2659 dietum
1371 2609 1474 2658 uidetur
1485 2621 1499 2656 a
1512 2607 1597 2658 Bert'o

1053 2677 1162 2744 Apuliae
1176 2677 1276 2744 oppido.
1317 2677 1405 2728 Iuliae
1419 2675 1596 2740 aomen,qued

467 2729 546 2791 8³⁸5
556 2727 608 2777 ΗΜ
618 2726 761 2791 ⁰r⁰d⁰r⁶ms
775 2729 908 2794 “dmm
920 2728 1012 2793 ΡΜ·
1054 2746 1080 2797 in
1094 2746 1193 2813 aliquot
1205 2745 1336 2797 codicibus
1349 2746 1462 2808 additur,
1475 2744 1596 2809 exprime

469 2818 515 2865 rio
528 2820 576 2866 tua
589 2817 758 2874 uelms'm'mu
766 2832 856 2883 poeno
867 2818 1012 2867 suberecta
1054 2816 1172 2867 carminis
1190 2831 1254 2867 uoce
1273 2816 1356 2881 (ullu)
1376 2815 1483 2865 obscure
1503 2814 1597 2879 scriptu

469 2908 548 2955 esset.
567 2902 670 2956 Verum
683 2912 714 2957 tu
725 2906 894 2971 simulatque
904 2908 1011 2971 peiera-
1054 2892 1139 2935 ΝΜ]
1152 2892 1223 2949 puto.

502 2998 507 3009 .
632 2998 638 3010 .
720 3000 725 3011 .
786 3000 791 3011 ,
902 2998 908 3009 .
1107 2953 1195 3003 1-2.
1217 2954 1595 3019 si—pueua-uoeus‘sset:

468 2998 515 3057 ⁸²²⁹
525 2994 669 3060 ''mm''
681 3002 813 3060 ‘mmm’
830 3010 920 3060 ’ΜΨ
933 3009 1012 3060 ‘'W‘'
1053 3020 1168 3071 breuiter
1177 3021 1277 3071 loeutus
1288 3030 1328 3071 est
1336 3037 1396 3086 pro:
1408 3015 1442 3071 ‘si
1452 3020 1504 3069 ulla
1516 3035 1597 3086 poene

470 3086 525 3133 tite
537 3084 570 3132 ad
584 3083 792 3133 adolescentulis
800 3085 909 3151 prodis,
922 3085 1012 3149 mugit
1055 3096 1145 3170 secuta
1175 3094 1245 3140 esset
1269 3090 1366 3155 tibique
1391 3090 1520 3139 nocuisset
1543 3104 1597 3137 um-

467 3171 612 3221 metuende
624 3173 772 3233 matribus,
788 3176 882 3237 paree's
893 3172 1010 3234 senibus,
1055 3172 1128 3222 quam
1141 3193 1147 3206 ·

1105 3224 1194 3275 3-4.
1220 3224 1300 3276 dente
1316 3255 1352 3263 —
1369 3230 1470 3293 ungui:
1494 3232 1596 3275 senteu-

464 3259 567 3360 ΨΜ*
586 3274 673 3325 ''up‘'
689 3264 792 3326 ''⁸¹²⁶‘'
813 3256 932 3324 (mmm
947 3258 1011 3327 3³¹*
1054 3292 1116 3343 tiam
1135 3294 1208 3344 modo
1226 3296 1369 3359 generatim
1388 3296 1497 3360 positam
1510 3308 1596 3359 perse·

468 3348 580 3415 imm)
958 3401 969 3432 ,
1054 3362 1142 3427 quitur
1161 3364 1248 3413 allatis
1269 3364 1333 3415 leuis
1352 3380 1448 3431 poenae
1462 3362 1594 3427 exemplis.

1053 3430 1229 3485 variationem
1243 3441 1345 3483 secutus
1358 3440 1397 3483 est
1410 3449 1450 3495 eo,
1464 3432 1530 3497 quod
1544 3439 1596 3481 tur-

519 3494 610 3547 Buriue
634 3497 694 3547 eliis
717 3497 781 3548 locis
805 3512 819 3548 s
843 3495 937 3547 Flseeo
960 3512 1010 3547 uon
1053 3500 1195 3565 pitudiuem
1209 3502 1292 3552 dentis
1311 3502 1452 3563 indicauit,
1472 3502 1497 3550 in
1511 3502 1598 3565 ungue·

467 3564 622 3615 celebratur.
653 3565 720 3616 Nota
744 3566 865 3631 temporie
889 3581 938 3630 quo
963 3567 1011 3617 ltoc
1054 3568 1120 3619 haud
1135 3570 1285 3621 nominauit.
1356 3586 1409 3620 uno
1428 3570 1459 3619 ad
1480 3584 1596 3634 unguem

466 3633 660 3701 poemsieetum
673 3636 718 3696 sit,
732 3636 854 3701 impressa
868 3648 916 3684 nou
930 3642 970 3685 est
1054 3638 1183 3703 pertinet,
1210 3654 1257 3688 uon
1278 3638 1354 3689 etiam
1373 3638 1404 3686 ad
1425 3638 1547 3696 deutero,
1569 3644 1597 3687 ut

442 3751 451 3770 ,
520 3704 544 3753 l.
563 3704 1013 3769 uttentemstttpstsrutistttt
1054 3706 1119 3757 dicit
1138 3706 1354 3757 Mitscherlielnius
1376 3712 1401 3753 et
1419 3704 1502 3751 eredit
1522 3702 1597 3753 Orel-

465 3779 519 3822 tam
530 3772 562 3821 ad
572 3772 678 3823 ueritum
689 3777 808 3839 peierati
817 3775 1010 3839 pertinetquam
1053 3776 1121 3825 lius:
1141 3790 1197 3825 uum
1217 3776 1279 3824 deus
1298 3772 1448 3822 attributum
1466 3782 1537 3819 snum
1551 3771 1597 3821 ha-

466 3842 498 3891 ad
518 3841 658 3907 proximum
675 3846 830 3903 nocuissetr
854 3846 923 3893 iuris
938 3845 1010 3908 peie-
1053 3844 1097 3893 het
1109 3845 1220 3909 (nigro).

465 3915 527 3961 ruti
545 3925 611 3960 noue
629 3910 880 3961 etiortiterdietum
893 3926 938 3977 pro
949 3926 1011 3976 per·
1106 3913 1131 3960 5.
1158 3910 1309 3961 crederem:
1328 3906 1444 3956 consulto
1464 3915 1521 3973 post
1540 3909 1595 3959 lou-

465 3982 552 4029 iustu·
569 3974 610 4028 ‘ut
632 3979 699 4028 enim
721 3980 817 4030 dicitur
837 3980 900 4029 iuris
922 3972 1008 4029 iurati'
1053 3994 1109 4061 qam
1123 3973 1263 4047 πρότασιν
1281 3975 1400 4041 subsequi
1417 3974 1480 4026 iecit
1492 3976 1594 4029 breuem

466 4047 591 4112 (quisita
612 4046 724 4111 dixerit,
746 4064 794 4098 nou
814 4048 944 4111 constat),
960 4041 1009 4096 ‘ite
1053 4040 1193 4097 uno'dootu
1213 4052 1240 4095 et
1261 4044 1333 4109 quasi
1356 4045 1506 4111 abruptam3
1534 4047 1604 4112 quid*

464 4116 551 4181 posuit
574 4116 639 4165 iuris
657 4110 791 4181 peiereti'.
816 4116 915 4167 Aenos.
941 4114 1010 4165 ldem
1053 4114 1243 4176 iileerederet,
1263 4118 1338 4179 poeta
1352 4115 1523 4179 significauit,
1545 4130 1594 4165 non

464 4184 557 4249 partim
575 4194 638 4233 uere
658 4186 751 4250 partim
764 4185 829 4235 isiso
842 4186 874 4235 de
886 4183 1010 4249 principio
1053 4184 1166 4233 elocutus
1191 4189 1239 4232 est.
1277 4181 1400 4265 supplere
1430 4184 1514 4249 possis
1535 4178 1594 4234 ‘tibi

395 4312 398 4319 Ι
465 4247 753 4303 sermiuisz‘seenieum
764 4253 915 4319 principium
926 4252 1010 4300 iulia·
1052 4252 1125 4301 fidem
1144 4251 1333 4315 obstringenti.
1361 4246 1525 4302 ‘erederemr
1550 4260 1595 4302 aut

464 4322 538 4370 riueu
560 4323 730 4372 meretricem.
763 4321 924 4382 intellegitur
942 4320 1008 4368 euim
1052 4320 1098 4369 tibi
1111 4319 1282 4371 subaudietur
1299 4316 1403 4371 iurauli’
1423 4322 1483 4385 (doc
1495 4336 1593 4385 uerum,

463 4404 510 4455 per
534 4390 599 4439 heae
622 4390 792 4440 inductionem
814 4389 914 4452 aliquos
935 4402 1009 4451 prae·
1052 4388 1145 4438 ielsum
1157 4389 1222 4454 quod
1236 4384 1440 4455 sequitur‚)‘aut
1459 4390 1520 4439 deos
1540 4389 1596 4438 uin-

464 4458 573 4508 eessisse
599 4452 736 4508 sermoues'
758 4458 896 4517 (haetenus
915 4456 1007 4519 reete),
1051 4457 1122 4508 diues
1140 4472 1197 4508 esse
1215 4453 1343 4523 periurii'.
1365 4458 1461 4509 Aenon.
1490 4458 1596 4507 Seilieet

461 4520 563 4590 ‘quibus
594 4534 692 4577 nostem
721 4524 770 4575 eiii
798 4524 887 4574 eudem
912 4524 1007 4575 Barine
1051 4526 1072 4576 si
1097 4526 1205 4592 periurii
1236 4526 1483 4593 poenasuitseeute
1514 4532 1593 4585 esset,

463 4593 628 4644 iureiurando
647 4592 808 4658 promiserit,
829 4592 920 4642 dehine
938 4600 1008 4657 post·
1052 4595 1143 4645 Barine
1156 4602 1253 4645 tautum
1267 4596 1292 4645 in
1302 4596 1371 4646 ueris
1381 4594 1515 4660 promissis
1525 4594 1595 4644 iure·

374 4729 378 4737 .
463 4676 537 4725 quem
563 4661 656 4712 ieiellit
680 4675 752 4724 eum,
781 4660 807 4710 iu
839 4661 903 4711 leaeo
926 4661 1008 4712 uerba
1051 4664 1158 4715 iurando
1172 4671 1298 4729 uteretur,
1312 4679 1361 4714 non
1373 4664 1398 4712 iu
1411 4662 1564 4713 mendaciis.
