3884 5525
953 608 1093 661 HOHATH

668 775 719 843 cui
736 780 829 842 donet
844 778 1032 855 inpermissa
1047 778 1160 853 raptim

668 892 782 969 gaudia
800 889 969 951 luminibus
985 889 1125 965 remotis,

558 1062 568 1071 ·
669 1045 725 1105 scd
739 1045 828 1106 iussa
839 1050 950 1105 'coram
966 1057 1028 1104 non
1045 1042 1113 1103 sine
1128 1041 1254 1103 conscio

585 1236 588 1242 Ι
667 1156 771 1231 surgit
786 1154 910 1229 sumito,
930 1168 987 1215 seu
1002 1156 1096 1214 uocat
1109 1152 1237 1213 institor

667 1279 725 1325 seu
739 1264 831 1325 nauis
847 1262 1006 1340 Hispanae
1021 1264 1184 1339 magister,

667 1375 852 1437 dedecorum
868 1374 1026 1451 pretiosus
1040 1378 1172 1449 emptor.

669 1542 731 1588 non
747 1528 796 1588 liis
811 1528 961 1590 iuuentus
978 1530 1047 1588 ortu
1061 1527 1242 1603 parentibus

668 1638 777 1699 intecit
793 1653 910 1714 aequor
925 1638 1080 1713 sanguine
1094 1635 1227 1713 Punico,

667 1745 887 1825 Pyrrhumque
903 1752 935 1809 et
950 1749 1109 1825 ingentem
1124 1748 1236 1836 cecidit

668 1858 857 1919 Antiochum
875 1856 1142 1935 Hannibalemque
1156 1859 1276 1935 dirum3

530 2006 573 2055 ir.
593 2004 743 2071 inpermissa
759 2002 818 2067 GH,
838 2004 929 2069 iperm.
942 2018 979 2069 g:
998 2004 1112 2071 imperm.
1125 2005 1158 2055 B.
1263 2001 1387 2053 att-30.
1407 2001 1451 2051 sed
1470 2000 1541 2051 iussa
1553 2029 1588 2038 -

460 2072 564 2141 marito]
578 2074 728 2124 scholiasta
740 2073 875 2123 quenalis
888 2071 923 2123 VI
939 2073 1003 2122 140«
1023 2088 1123 2137 coram,
1145 2073 1171 2122 id
1184 2078 1223 2122 est
1235 2072 1341 2133 marito,
1362 2077 1437 2119 ut-
1450 2069 1584 2119 Horatius:

457 2139 495 2194 ‘et
508 2160 556 2193 nan
574 2157 706 2194 sensurum
725 2140 779 2191 scio
793 2148 882 2205 surgat
899 2135 1014 2192 merituu'
1032 2142 1103 2207 (sic).
1207 2140 1250 2191 30.
1270 2138 1328 2205 sen]
1348 2154 1403 2188 cum
1423 2155 1492 2188 uuus
1505 2138 1588 2187 Btau·

460 2214 561 2263 diuina.
666 2210 710 2259 31.
730 2210 844 2275 ispaniae
859 2210 889 2273 Η,
910 2210 1041 2277 hyspanae
1056 2210 1088 2261 G.
1193 2209 1236 2258 32.
1256 2208 1387 2274 preciosus
1399 2206 1481 2257 BGH.

460 2282 504 2332 34.
523 2296 602 2346 equor
616 2279 646 2329 G.
753 2278 796 2329 35.
817 2276 989 2345 Hbyrrumque
1005 2280 1036 2331 G.
1143 2278 1187 2329 36.
1205 2277 1339 2327 Antinoum
1351 2277 1390 2338 B,
1411 2276 1587 2343 Antbyoebum

463 2349 493 2401 G.
565 2349 646 2399 dirum
659 2346 789 2412 bauga:
809 2347 899 2397 durum
913 2362 941 2407 ς.
1380 2352 1383 2356 ·

511 2517 554 2567 ii.
574 2520 753 2585 inpermissa.-
773 2530 863 2567 nouum
877 2524 904 2567 et
916 2517 1005 2583 eani·
1046 2515 1174 2578 laudaret,
1190 2513 1301 2563 iaturam
1313 2513 1392 2566 etiam
1404 2514 1517 2580 peiorem
1531 2512 1587 2563 iore

460 2586 536 2636 situm
551 2584 703 2636 uocabulum
715 2600 760 2651 pro
774 2586 898 2649 inlicita,
911 2589 1004 2637 incon·
1046 2584 1215 2651 praediceret.

461 2670 546 2704 cessa.
1098 2653 1140 2703 34.
1160 2651 1256 2715 infecit
1272 2678 1309 2688 -
1325 2651 1442 2701 Punico:
1461 2651 1588 2701 iudicauit

511 2723 624 2774 29-32.
644 2722 759 2774 Dedecus
778 2722 810 2772 ab
824 2730 931 2788 utroque
944 2738 1004 2772 con·
1045 2722 1152 2789 primum
1166 2720 1259 2770 bellum
1272 2718 1400 2783 Punicum,
1414 2720 1438 2770 iu
1451 2736 1499 2786 quo
1512 2736 1588 2786 proe-

460 2793 518 2855 iuge
538 2793 568 2842 ob
588 2801 686 2858 turpem
704 2792 828 2858 pecuniae
848 2791 939 2842 iamem
958 2793 1004 2842 ad·
1045 2791 1082 2842 lia
1100 2790 1209 2840 maxime
1228 2796 1334 2839 cruenta
1354 2790 1463 2840 nauibus
1482 2790 1508 2840 in
1522 2789 1587 2840 nari

460 2861 580 2912 mittitur.
1046 2859 1181 2910 commissa
1193 2865 1262 2908 suut.

511 2930 553 2979 29.
573 2933 770 2980 iussaeoram:
792 2928 882 2978 adesse
903 2929 1002 2978 incon·
1098 2927 1221 2976 35-36.
1249 2929 1384 2990 ingentem
1403 2927 1583 2976 Anb'acbum.

402 3023 408 3030 ·
458 2997 527 3046 uiuio
543 2999 612 3047 iussu
625 3012 640 3046 a
652 2997 753 3046 marito.
1044 2995 1171 3058 ingentem
1185 2994 1274 3060 opibus
1287 3001 1314 3044 ct
1326 2995 1495 3046 exercitibus.
1526 2994 1587 3045 Ma·

510 3065 635 3114 :to-31.
662 3068 774 3114 institor
793 3080 839 3113 ceu
858 3068 937 3114 nauis
955 3065 1001 3114 Hi·
1041 3079 1141 3128 gaiam,
1164 3079 1212 3127 quo
1232 3071 1397 3126 cognomento
1416 3064 1498 3114 asnis
1512 3079 1588 3114 uoca-

458 3148 559 3196 spanae
572 3135 719 3195 magister:
739 3132 842 3180 institor
855 3126 1000 3197 (κάπηλος)
1043 3133 1119 3181 batur
1131 3131 1284 3194 Antiochus,
1299 3131 1406 3183 Flaccus
1418 3133 1489 3182 illum
1502 3133 1587 3198 appel-

458 3214 555 3255 merces
574 3214 588 3248 a
606 3205 748 3248 mercatore
773 3208 868 3263 emptas
893 3201 1000 3262 singuiis
1042 3199 1265 3250 iarenonuoiuit.

458 3267 561 3324 uendit,
588 3281 663 3332 saepe
683 3266 755 3315 diues
775 3273 801 3315 et
820 3276 999 3332 quaestuosus,
1096 3268 1138 3318 36.
1164 3268 1398 3334 Hannibalemque
1416 3271 1525 3320 dirum:
1549 3269 1585 3319 sie

458 3335 572 3398 idemque
599 3334 710 3384 sordidis
737 3335 812 3384 rebus
834 3334 946 3386 intentus
968 3336 1000 3386 ad
1043 3335 1583 3402 iterumuocauitlill442(dirusAser).

457 3403 567 3452 dedecus
581 3403 696 3452 inclinat.
725 3401 764 3451 bb
777 3403 883 3452 eandem
896 3419 1000 3454 causam
1044 3404 1152 3470 Quintil.
1167 3405 1225 3456 vtii
1239 3405 1254 3454 2
1268 3406 1300 3456 92
1312 3411 1427 3474 proprie
1440 3409 1543 3458 dictum
1556 3407 1587 3457 id

456 3475 538 3520 nauis
551 3473 686 3536 Hispanae
698 3474 832 3535 magister
845 3473 998 3537 nominatur,
1043 3480 1099 3535 est,
1122 3491 1175 3541 quo
1188 3475 1260 3524 nibil
1271 3478 1393 3526 inueniri
1400 3481 1491 3542 possit
1502 3479 1586 3542 signi-

410 3535 414 3544 “
455 3539 499 3608 qui
513 3540 620 3590 diuitias
640 3539 665 3588 in
679 3539 771 3590 itinere
792 3547 878 3604 partas
897 3541 923 3590 in
936 3542 999 3592 urbe
1036 3543 1189 3606 ficantius,
1223 3549 1254 3594 ut
1279 3571 1314 3582 -
1337 3545 1471 3594 Horatius
1494 3560 1585 3595 acrem

455 3609 596 3676 proiundit.
630 3607 766 3674 ctiipou
784 3609 814 3657 ii
835 3609 882 3658 20:
903 3617 999 3662 amata
1044 3613 1142 3662 tibiam
1161 3613 1388 3678 Hannibalemque
1409 3613 1509 3662 dirum.
1541 3611 1586 3662 ui-

456 3682 548 3728 ncatis
560 3679 675 3728 nautium
687 3683 715 3728 ct
725 3679 906 3728 institoribus.
1043 3696 1098 3730 rum
1118 3681 1278 3745 (gs-Hestiai,
1293 3681 1463 3739 entsetslieb)
1484 3682 1508 3729 id
1522 3681 1586 3730 dici-

509 3747 550 3796 32.
567 3747 724 3796 dedecorum
732 3749 872 3812 pretiosus
881 3753 998 3813 emptor:
1042 3755 1085 3798 tur
1104 3751 1170 3799 unde
1191 3749 1257 3798 oculi
1282 3749 1428 3797 abhorrent.
1459 3745 1585 3798 Nimirum

455 3815 999 3878 alterexrnerce,altcrexoiiicioluerurn
1043 3817 1169 3866 Hannibal
1200 3818 1281 3866 altero
1305 3816 1377 3864 oculo
1408 3813 1501 3864 amisso
1527 3816 1585 3867 dira

458 3883 554 3933 iaciens
565 3885 659 3947 ilegitiu
670 3884 826 3948 (dedecora)
837 3899 927 3948 magno
941 3901 999 3952 pre·
1041 3887 1126 3950 specie
1140 3885 1287 3945 incedebat3
1301 3883 1334 3932 ci.
1344 3882 1472 3932 iuuenalis
1483 3883 1507 3932 X
1523 3885 1582 3936 157:

455 3952 491 4000 tio
517 3968 601 4002 eruere
634 3960 731 4020 potest3
760 3957 902 4018 pretiosus
932 3971 997 4004 noue
1041 3971 1057 4002 o
1076 3956 1166 4018 quatis
1184 3954 1277 4017 jacies
1297 3955 1325 3999 et
1341 3951 1418 4016 quati
1436 3951 1520 4017 mgna
1541 3959 1583 4004 ta-

453 4020 584 4082 significat
603 4021 645 4086 qui
664 4035 755 4084 magua
773 4022 857 4086 pretia
871 4030 997 4072 numerat.
1042 4023 1125 4083 betta,
1148 4035 1206 4070 cum
1222 4019 1338 4069 Gaetula
1351 4019 1445 4070 ducem
1455 4027 1584 4087 portaret

456 4087 492 4138 De
505 4091 633 4138 institere
645 4088 679 4138 ci.
696 4089 826 4140 Ciceronis
841 4089 911 4140 bffic.
928 4089 995 4140 142:
1041 4089 1251 4138 britaniaecum!
1270 4086 1362 4137 Liuius
1373 4087 1448 4138 xxii
1463 4089 1488 4153 2,
1508 4089 1584 4158 Poly·

452 4156 560 4206 sordidi
568 4161 650 4206 etiam
656 4158 776 4222 putandi
785 4162 998 4222 quimercantur
1040 4157 1098 4206 isius
1117 4156 1150 4206 ill
1170 4156 1211 4205 79.
1243 4154 1288 4205 Sic
1306 4163 1347 4206 est
1365 4157 1444 4207 dirus
1462 4160 1582 4225 hydrops

454 4240 471 4274 a
495 4228 691 4276 mercatoribus
720 4227 792 4291 quod
815 4231 911 4276 statim
934 4239 996 4274 ueu·
1040 4225 1124 4276 Carra.
1146 4223 1167 4274 H
1188 4223 1204 4272 2
1226 4223 1274 4286 13,
1299 4240 1373 4288 quem
1398 4228 1513 4291 aspicere
1538 4228 1581 4278 uir

454 4293 530 4342 daut.
1039 4293 1177 4356 sustineas,
1191 4292 1229 4340 sic
1238 4291 1295 4358 apl.
1307 4292 1353 4343 ili
1370 4295 1402 4343 10
1417 4295 1481 4358 legis
1493 4296 1581 4346 dirum

506 4361 631 4411 33-48.
659 4359 781 4411 Restabat
802 4368 830 4409 ut
850 4361 995 4425 doceretur,
1040 4361 1175 4427 hydram,
1201 4375 1267 4426 qnae
1291 4363 1426 4430 multiceps
1451 4367 1582 4414 borrorem

453 4429 768 4494 quemodogenuetu.18)
782 4429 836 4478 siue
850 4428 922 4476 liberi
937 4429 997 4478 tali·
1039 4431 1139 4480 incutit.
1175 4429 1233 4479 ulia
1258 4431 1326 4480 ratio
1350 4433 1470 4482 uocabnli
1493 4433 1582 4482 subest

453 4497 500 4546 bus
518 4499 666 4564 parentibus
684 4497 762 4559 geniti
776 4497 919 4546 deteriores
934 4496 995 4546 iacti
1040 4497 1122 4562 lit,
1144 4499 1187 4548 nbi
1206 4499 1268 4549 dira
1279 4501 1388 4564 grando
1405 4501 1499 4551 dicitur
1516 4516 1580 4566 quae

453 4566 514 4616 sint.
551 4567 602 4616 Hoc
621 4567 723 4629 oblique
742 4564 779 4612 sic
799 4566 945 4628 praestitit,
967 4573 996 4616 ut
1039 4568 1095 4618 dira
1109 4567 1247 4634 protendit.

452 4633 550 4683 ueteris
574 4635 633 4684 aeui
660 4634 818 4682 iuuentutem
841 4647 903 4700 prae
928 4648 1001 4722 unua
1090 4637 1214 4688 37-38.
1232 4637 1281 4687 sed
1292 4641 1505 4688 rusticorum-
1513 4627 1581 4705 puo-¹
