3884 5525
789 605 968 658 canulllvll
988 607 998 659 l
1016 610 1041 658 9.

560 773 700 850 Soracte,
718 790 775 836 neo
790 776 852 836 tam
867 775 1045 837 sustineant
1059 791 1139 838 onus

464 892 469 898 '
560 888 659 949 siluae
674 887 863 961 laborantes,
880 886 1016 962 geluque

559 998 687 1059 dumina
703 997 902 1058 constiterint
915 1001 1020 1059 acuto.

521 1157 526 1164 ·
558 1149 696 1210 dissolue
712 1149 814 1225 lrlgus
830 1148 916 1224 ligna
931 1163 1026 1226 super
1041 1149 1110 1210 loco

558 1261 647 1336 large
661 1274 826 1337 reponens,
844 1263 938 1335 atque
954 1260 1119 1336 benignius

558 1371 702 1447 deprome
717 1371 912 1446 quadrimum
929 1365 1057 1444 Sabina,

559 1497 578 1541 o
593 1480 792 1558 Thaliarche,
809 1495 929 1556 merum
944 1481 1040 1542 diota.

416 1637 443 1686 2.
457 1635 581 1686 Soractbc
596 1636 626 1686 G.
656 1680 659 1685 .
692 1637 773 1686 bonna
788 1635 843 1686 GH.
950 1636 976 1685 3.
995 1635 1152 1685 Priscianus
1166 1636 1198 1685 da
1211 1637 1348 1687 duodecim
1357 1651 1403 1702 pr.
1417 1651 1477 1686 aar·

341 1707 422 1756 sibus
435 1707 504 1756 Aen.
520 1706 532 1754 1
548 1706 573 1754 5.
678 1706 703 1755 6.
724 1705 848 1770 benignas
862 1703 893 1754 G.
1000 1705 1024 1754 Β.
1043 1704 1150 1756 taliarcc
1166 1705 1197 1756 G.

341 1906 487 1967 potuerant
504 1915 568 1966 quac
580 1897 735 1950 Thaliarcbo
754 1917 779 1950 a.
794 1901 825 1951 18
835 1916 890 1966 sqq.
1003 1894 1046 1951 dac
1066 1897 1120 1971 μὲν
1143 1893 1260 1962 blada,
1287 1897 1317 1951 da
1340 1894 1365 1950 δ’
1385 1894 1476 1965 daciam

342 1969 566 2020 commendantur.
1263 1970 1352 2038 μέγας

416 2038 496 2087 1-4.
516 2037 597 2089 Vides
610 2042 644 2086 at
661 2038 721 2087 alla
740 2064 773 2075 -
793 2043 890 2089 cocto.-
1000 2040 1124 2107 χειμων,
1144 2031 1309 2105 πεπάγασιν
1327 2033 1351 2088 δ’
1365 2029 1477 2088 ὑδάτων

340 2107 395 2156 tria
409 2113 538 2156 memorat
550 2106 575 2155 in
585 2121 668 2156 reru
678 2113 769 2156 natura
777 2106 891 2169 turbida,
1268 2101 1341 2178 ῥόαι.

341 2176 426 2225 altam
440 2176 524 2224 niuem
537 2176 562 2224 in
573 2182 658 2224 monto
668 2175 784 2238 Soracte,
795 2191 826 2224 es
836 2175 892 2224 ioco
987 2177 1077 2227 5-6.
1102 2177 1219 2228 ἀίειαὶαα
1229 2179 1328 2243 jrl'gna
1347 2203 1380 2212 —
1399 2191 1477 2242 repa·

341 2245 387 2294 ubi
398 2245 546 2292 conuiuium
559 2243 706 2293 celebratur
717 2245 891 2310 conspicuam,
934 2260 1016 2294 nans:
1042 2245 1068 2294 in
1090 2245 1157 2296 atrio
1178 2246 1219 2295 nis
1244 2245 1346 2309 iriporis
1368 2245 1477 2294 soluitur

342 2313 453 2364 candem
467 2312 541 2362 siluis
554 2311 656 2361 Sabinis
668 2314 784 2375 grauiter
796 2314 892 2362 inenm-
934 2313 1011 2376 lignis
1024 2329 1100 2378 super
1112 2314 1168 2364 ioco
1183 2315 1300 2378 repositis
1313 2321 1339 2363 et
1351 2313 1475 2374 accensis,

341 2383 457 2443 benten,
472 2389 524 2430 tum
538 2381 705 2446 glaciemque
719 2382 822 2431 flumina
833 2398 892 2430 con·
935 2382 961 2431 in
975 2383 1104 2442 conuiuis,
1119 2383 1177 2430 dum
1190 2383 1275 2431 ninnrn
1287 2382 1421 2446 benignius
1434 2381 1477 2430 de·

343 2453 478 2502 stiterant.
499 2448 607 2499 Soracte
626 2465 698 2499 mons
719 2457 759 2500 est
777 2451 892 2500 interra
934 2455 1074 2517 promptum
1088 2450 1186 2499 bibunt.
1205 2451 1316 2498 Alcaeus
1330 2450 1346 2498 l.
1362 2465 1401 2498 αι

341 2519 508 2570 Faliscorum
528 2533 576 2567 non
596 2519 669 2582 longe
689 2534 703 2568 a
722 2519 813 2568 dextra
835 2520 892 2585 ripa
1038 2512 1172 2583 κάββαλλε
1197 2515 1244 2568 τὸν
1268 2511 1394 2584 palpati,
1428 2513 1477 2566 inl

342 2587 457 2651 Tiberis,
484 2587 534 2636 dno
558 2587 631 2636 milia
656 2588 745 2653 pedum
771 2588 849 2649 altus,
875 2603 890 2636 a
1266 2584 1318 2653 priv
1337 2588 1425 2640 τίθεις

343 2656 426 2707 Roma
461 2656 660 2720 septentrionem
699 2671 789 2706 nersns
821 2657 890 2706 nltra
1039 2656 1110 2724 arip,
1147 2651 1177 2706 ἒν
1207 2651 1238 2704 dd
1266 2657 1374 2720 κίρναις
1402 2649 1477 2703 αἶνον

342 2724 448 2777 xxllll
466 2725 536 2775 uilia
562 2739 680 2790 passuum
697 2732 824 2787 remotus,
849 2725 892 2791 qni
1266 2717 1404 2789 ἀφειδέως

340 2788 671 2856 ‘seiunctus‘-(Goottiingii
684 2794 703 2843 l.
713 2810 736 2844 c.
748 2794 838 2856 uerba)
847 2791 891 2844 fal
1036 2794 1184 2862 μέλιχρον,
1216 2786 1305 2857 αὐτὰρ
1332 2786 1408 2859 ἀμφὶ

345 2864 410 2913 aliia
421 2870 447 2913 et
458 2862 532 2929 qnasi
541 2863 677 2912 solitarius
686 2878 718 2912 ex
728 2863 835 2927 planitie
842 2862 893 2913 lio·
1265 2857 1353 2927 κόρσᾳ

344 2947 424 2982 mana
438 2931 584 2981 admirabili
601 2931 681 2981 iorma
698 2947 726 2980 so
743 2927 838 2995 erigit?
868 2930 892 2981 A
1017 2924 1183 2999 pilanum
1224 2925 1367 2999 apameo
1411 2920 1477 2993 γνό-

343 2999 463 3063 Vergilio
475 3016 549 3049 sacer
557 2999 659 3051 Pboebo
671 2998 890 3066 perhibeturAen.
1266 2998 1380 3065 φαλλεν.

344 3067 583 3131 vlloaoxltta.
601 3066 892 3119 NnncmoctadiSant
987 3066 1081 3117 l-a,
1121 3066 1294 3131 quadrimum
1319 3066 1416 3116 Sabina
1443 3090 1477 3101 -

348 3138 444 3189 Oresta
467 3145 584 3186 nocatnr.
624 3136 701 3187 Coni.
716 3136 891 3187 Mittciitalien
934 3134 1026 3185 dicia:
1047 3134 1142 3185 Sabino
1155 3137 1225 3185 diota
1238 3130 1359 3199 (daciane)
1373 3140 1413 3183 est
1426 3148 1477 3181 atn-

345 3223 374 3257 v.
389 3206 428 3257 W
428 3244 435 3255 .
444 3206 550 3257 Alelen
564 3222 589 3270 p.
605 3206 645 3255 16.
674 3205 821 3270 alienata,
836 3206 891 3255 Tha
935 3204 1014 3269 phora
1033 3205 1131 3255 taulus
1145 3206 1214 3255 ansis
1228 3206 1370 3264 instructa,
1392 3203 1416 3251 in
1431 3201 1478 3250 Sa-

346 3276 423 3325 cities
435 3275 486 3324 and
499 3274 648 3324 cemeterics
662 3273 692 3323 oi
700 3274 824 3338 Etruria,
844 3274 892 3323 ml
934 3272 1002 3323 binis
1014 3275 1073 3323 uino
1087 3274 1193 3340 repleta.
1215 3272 1324 3323 Perinde
1338 3271 1369 3321 lll
1384 3272 1414 3321 16
1427 3270 1474 3319 34:

346 3343 530 3411 plan-180.
579 3343 900 3393 aiat-candidum:cx‘
935 3341 1133 3409 Laestrygonia
1152 3370 1184 3379 -
1203 3346 1230 3391 in
1244 3344 1390 3408 ampliora,
1411 3340 1434 3389 b.
1451 3354 1476 3387 e.

345 3414 404 3463 loco
422 3414 466 3462 ubi
486 3413 549 3461 haec
568 3411 663 3476 scripta
675 3419 734 3461 sunt
752 3412 821 3461 clare
834 3428 893 3461 aon·
936 3410 1094 3461 Formiana.
1121 3410 1242 3461 Sabinum
1255 3412 1352 3470 uinum,
1367 3424 1415 3457 non
1429 3408 1477 3456 oli-

347 3478 584 3547 spiciturSoractc.
607 3480 891 3545 Statmonsiliequasi
935 3480 1000 3543 qnod
1027 3480 1058 3528 de
1084 3479 1209 3528 nobilibus
1233 3479 1385 3545 Campaniae
1411 3476 1477 3524 uinis

348 3558 432 3601 statua
453 3556 480 3599 ct
497 3550 556 3598 niue
575 3556 710 3613 ooopertus
729 3549 791 3610 (wic
810 3564 839 3599 cr
857 3550 892 3599 da
935 3547 1000 3610 quod
1016 3548 1136 3607 nominat,
1149 3548 1392 3613 hineaxplicandnm
1406 3544 1478 3593 uide-

348 3622 422 3685 ciebt
432 3617 577 3667 ieaccbtcad
587 3633 637 3666 oon
650 3616 770 3682 Sennea).
935 3623 987 3675 tur,
1003 3617 1066 3679 quod
1075 3614 1244 3665 Thaliarchus
1256 3618 1282 3666 in
1291 3614 1392 3665 Sabinis
1407 3628 1479 3677 prae·

400 3688 427 3737 2.
447 3688 570 3747 Soracte,
585 3690 716 3736 aeciam:
730 3686 761 3735 de
774 3686 822 3735 bac
835 3700 892 3734 aaa·
935 3684 1002 3732 diurn
1017 3692 1043 3733 et
1055 3684 1122 3733 uites
1141 3684 1254 3748 possedit
1273 3692 1298 3733 et
1317 3684 1341 3732 in
1355 3682 1418 3730 rriilu
1431 3680 1478 3729 Sa-

348 3772 409 3807 sara
422 3771 514 3807 uersus
527 3754 625 3803 Aloaici
638 3754 671 3803 ci.
687 3754 718 3803 ad
732 3753 742 3803 l
756 3754 788 3802 22
802 3755 827 3803 7.
934 3752 994 3801 bina
1007 3753 1119 3815 hospites
1132 3752 1232 3815 excepit
1253 3768 1297 3801 sno
1311 3752 1378 3799 uino.
1407 3750 1478 3813 Qua-

399 3825 426 3874 3.
445 3824 536 3873 silicae
547 3823 717 3874 laboramus
738 3824 820 3872 siluae
833 3828 893 3871 sant
935 3822 1055 3871 drirnnrn
1086 3820 1149 3869 satis
1179 3826 1303 3869 maturum
1332 3824 1373 3868 est
1397 3832 1477 3881 neque

347 3894 373 3942 in
385 3900 458 3943 terra
468 3891 620 3941 Sabinorum
635 3892 701 3940 haud
710 3892 798 3957 procul
809 3906 823 3940 a
834 3906 893 3940 con·
934 3898 1019 3940 tamen
1033 3888 1058 3937 ni
1071 3903 1116 3937 sua
1131 3888 1255 3938 orbatum.
1280 3887 1404 3937 Nimirum
1416 3888 1478 3935 aina

347 3959 891 4023 uiniiloe03onncintellegcmolcnrniuis.
934 3960 1017 4007 minus
1042 3957 1138 4007 nobilia
1162 3964 1273 4007 aetatem
1302 3956 1402 4018 longam
1428 3970 1477 4003 non

400 4030 480 4079 3-4.
498 4029 615 4093 geluque
626 4030 745 4094 stamina
764 4032 892 4078 constita-
935 4028 1075 4093 patiuntur.
1101 4024 1211 4076 Nimium
1229 4026 1332 4075 uidetur
1350 4024 1477 4089 postulare

346 4096 893 4149 rintacnto:duminumnolnbiiisnatura
934 4096 1081 4146 Athenaeus
1107 4095 1221 4144 scribens
1244 4094 1304 4144 lla
1325 4108 1348 4158 p.
1360 4092 1438 4141 2732
1463 4086 1478 4140 ὅ

348 4168 467 4218 constitit
478 4166 537 4231 gelu
551 4167 707 4225 constricta;
720 4174 822 4215 acutum
834 4165 893 4227 gelu
935 4166 1057 4228 Σαβῖνος,
1066 4156 1241 4230 κουφότερος,
1253 4158 1310 4212 ἀπὸ
1324 4160 1393 4213 ἐτῶν
1405 4153 1478 4209 ἑπτὰ

347 4228 510 4297 nominatur,
544 4235 610 4299 qnod
640 4242 767 4299 umquam
797 4234 892 4283 ierrum
935 4227 1093 4295 ἐπιτήδειος
1113 4235 1250 4283 πίνεσθαι
1274 4234 1357 4301 μέχρι
1378 4242 1478 4279 πεντε-

348 4306 439 4355 laedit.
465 4304 577 4353 Pindaro
589 4303 672 4352 Aetna
684 4304 758 4356 audit
776 4298 894 4357 πάνετες
935 4301 1060 4353 καίδεκα.
1081 4302 1142 4353 Vile
1150 4303 1278 4352 Sabinam
1292 4301 1300 4350 l
1313 4301 1345 4349 20
1359 4300 1369 4347 1
1387 4312 1479 4347 memo-

344 4368 442 4439 χιόνος
453 4368 546 4431 ὀξείας
558 4366 660 4435 τιθήνα
673 4371 748 4437 Pptb.
760 4371 769 4421 l
783 4372 815 4421 20
825 4372 892 4432 (36).
936 4379 1020 4421 ratum
1034 4386 1081 4419 non
1096 4378 1136 4420 est
1148 4376 1295 4435 argumento
1307 4383 1379 4417 ornne
1391 4365 1478 4415 ninum

349 4445 470 4492 Ceteram
497 4440 620 4490 Horatius
656 4441 736 4505 ipsum
760 4440 893 4501 Alcaeum,
937 4438 1232 4501 Sabinnrnuileiuisse,
1253 4435 1476 4489 sedHorationon

348 4510 422 4560 cuins
434 4510 520 4560 simile
538 4524 640 4559 armen
653 4508 696 4559 uel
715 4509 798 4574 potius
811 4508 893 4557 airniic
937 4508 987 4557 nisi
999 4508 1050 4557 uile
1065 4506 1185 4557 Sabinum
1197 4516 1257 4558 tunc
1269 4512 1370 4571 praesto
1385 4501 1442 4550 luit.

350 4579 470 4628 carminis
483 4578 584 4627 initium
598 4577 662 4641 init,
680 4578 822 4642 superauit.
848 4574 893 4625 ille
990 4577 1015 4626 8.
1038 4574 1404 4639 Thaliarcbeecnrpnnuero
1418 4568 1479 4618 Pro·

350 4646 376 4694 in
390 4648 477 4697 aeoliis
489 4646 556 4711 apnd
569 4646 663 4697 Atbcn.
676 4645 702 4696 X
715 4646 747 4694 35
761 4662 785 4711 p.
795 4645 846 4695 430
856 4646 892 4693 A:
937 4644 1004 4705 culpi
1017 4644 1116 4693 nornine
1131 4644 1175 4709 (oi.
1191 4642 1318 4705 Proaern.)
1338 4640 1422 4689 lictum
1436 4652 1478 4701 po·
