3884 5525
582 642 643 693 Xll.
663 640 707 692 DE
719 638 863 692 stucht
875 638 993 693 bttctttt
1008 640 1183 693 coutettvs
1195 658 1253 695 cur.
1351 650 1488 695 xxxvtttt

354 791 524 876 longiorem
539 794 650 858 adiecit
663 816 682 857 a
695 793 839 857 Suetonio
855 795 1074 877 proiectam),
1101 794 1176 857 hauc
1196 796 1228 859 in
1249 798 1350 863 ultima
1367 803 1485 884 pagina,

356 899 589 979 quotiacum
612 900 706 964 luisse
726 901 758 963 iu
773 899 928 963 blandinio
951 899 1093 983 colligere
1114 902 1222 980 liceat,
1245 906 1321 987 quod
1338 906 1487 990 Cruquiua

355 1005 448 1067 uitam
464 1005 680 1070 Suetouiauam
702 1029 768 1070 cum
790 1006 857 1069 aliis
878 1006 950 1069 uitis
973 993 1089 1069 lloratii
1112 1008 1229 1071 demum
1253 1012 1283 1073 iu
1307 1011 1366 1075 flue
1387 1015 1487 1096 operis

355 1114 512 1195 prompsit.
543 1114 642 1176 Etiam
665 1114 721 1177 boc
741 1135 807 1177 cum
831 1122 936 1175 uetere
957 1112 1112 1176 blandinio
1134 1136 1290 1180 commuue
1312 1128 1360 1181 est
1382 1118 1486 1203 Hispa·

356 1219 474 1296 nicusi,
500 1221 577 1302 quod
600 1219 681 1282 nulla
703 1219 815 1283 scholia
838 1221 873 1282 ad
895 1228 1055 1301 utrumque
1071 1220 1246 1285 Sermonum
1263 1221 1368 1287 librum
1386 1225 1484 1289 babet.
1547 1279 1549 1283 .

356 1325 388 1387 lu
411 1326 524 1389 duabus
545 1326 688 1409 grauibus
705 1325 888 1405 =lectionibus
909 1346 999 1408 supra
1015 1328 1186 1390 memoratis
1202 1326 1264 1389 Ha
1282 1340 1384 1394 uetere
1399 1331 1486 1395 blau·

355 1430 438 1493 dicio
453 1431 580 1495 discedit
591 1433 707 1512 (Serm.
725 1432 737 1494 l
753 1434 773 1495 6
791 1433 863 1508 126,
881 1430 907 1493 ll
924 1433 943 1494 3
959 1434 1057 1513 303),
1081 1432 1112 1495 in
1131 1432 1235 1497 multis
1256 1432 1342 1499 bouis
1358 1456 1486 1501 cousen-
1545 1493 1551 1501 .

356 1538 411 1615 tit,
436 1538 527 1601 etiam
551 1538 583 1601 iu
607 1538 681 1601 uitio
705 1538 829 1603 uolubili
851 1559 918 1601 marn
940 1572 982 1585 -
1005 1539 1123 1601 saliere
1144 1560 1197 1623 pro
1219 1560 1306 1625 quom
1322 1578 1364 1589 -
1380 1545 1487 1606 clarere

356 1644 458 1707 Carm.
476 1645 530 1707 llll
553 1648 618 1709 26.
649 1645 733 1724 Quod
756 1666 828 1708 suos
849 1643 1010 1707 nonnullos
1033 1654 1064 1707 et
1084 1644 1221 1727 proprios
1244 1664 1362 1709 errores
1385 1646 1483 1725 habet,

357 1748 426 1813 hinc
440 1750 568 1814 bonitati
584 1763 614 1814 et
627 1751 799 1815 auctoritati
815 1750 928 1813 coticis
944 1750 1019 1813 nihil
1034 1750 1220 1814 detrahitur:
1246 1770 1314 1815 uum
1329 1752 1406 1817 idem
1425 1756 1486 1817 lerc

353 1856 385 1919 iu
401 1858 540 1921 omuibus
555 1858 638 1921 libris
654 1858 784 1941 antiquis
798 1878 856 1921 usu
871 1856 968 1919 uenit.

443 1964 569 2028 Codices
585 1964 697 2028 saeculi
713 1964 836 2040 decimi,
853 1983 929 2044 quos
945 1962 1041 2025 adhuc
1057 1964 1243 2041 enumeraui,
1257 1964 1326 2027 item
1343 1961 1393 2028 alii
1410 1986 1485 2029 tton-

355 2069 430 2133 uulli
446 2071 542 2135 eidem
557 2070 649 2133 aetati
671 2068 858 2147 ascribendi,
883 2069 932 2150 qui
953 2068 985 2130 iu
1008 2068 1185 2133 bibliotheca
1200 2068 1342 2134 Vaticana
1359 2070 1483 2150 Romae,

353 2176 385 2239 in
407 2176 603 2260 imperatoria
623 2176 784 2239 Parisiensi
815 2186 844 2238 et
871 2175 939 2238 aliis
961 2174 1076 2259 oppidis
1099 2176 1213 2240 Galliae
1243 2186 1274 2240 et
1295 2178 1482 2256 Britanniae,
1545 2176 1549 2189 '

354 2282 511 2345 Heluetiae
541 2295 572 2347 et
594 2282 773 2346 Germaniae
801 2280 1012 2364 reperiuntur,
1044 2284 1245 2347 emendatoris
1275 2304 1393 2348 manum
1425 2306 1484 2347 uon

354 2388 523 2452 subierunt.
549 2389 663 2453 Contra
685 2389 905 2451 emendatorem
927 2388 959 2449 iu
984 2387 1182 2451 Carminibus
1204 2398 1236 2451 et
1255 2390 1374 2474 Epodis
1396 2402 1484 2453 sexto

354 2495 477 2557 saeculo
492 2496 612 2579 experti
627 2504 699 2559 suut
713 2496 771 2557 cluo
786 2494 905 2557 codices
924 2503 1044 2555 ueteres
1067 2514 1084 2555 a
1100 2492 1234 2557 Bentleio
1256 2495 1380 2577 inspecti
1396 2495 1484 2574 (Lei-

358 2600 464 2663 dcncis
479 2612 510 2663 et
524 2602 743 2686 Reginenrr'r),
767 2620 844 2664 nnus
860 2598 971 2663 saeculi
988 2598 1092 2661 decimi
1109 2600 1336 2677 (Menteh'unur
1350 2601 1414 2663 siue
1430 2602 1484 2664 Pa·

354 2706 468 2772 ricinus
475 2707 528 2790 Ε),
545 2716 669 2791 quartus
685 2707 806 2772 saeculo
817 2706 889 2770 Xlll
903 2706 1144 2787 (Collertt’nur),
1163 2704 1283 2788 quintus
1299 2728 1325 2769 s.
1335 2699 1395 2768 XV
1410 2708 1484 2772 scri·
1511 2728 1518 2735 ·

355 2821 424 2896 ptus
446 2813 669 2900 (Gothorum).¹
691 2813 777 2877 conr.
803 2823 906 2877 annot.
932 2813 1001 2876 crit.
1026 2814 1063 2875 ad
1085 2812 1179 2896 Epod.
1202 2813 1239 2875 17
1259 2823 1339 2876 extr.
1372 2812 1483 2876 Horum

356 2921 512 3003 exemplar
541 2921 712 2984 emendauit
734 2920 866 2984 Vettius
888 2919 969 3004 (siue
994 2918 1141 3002 Vectiur)
1168 2916 1316 3003 Agerius
1347 2919 1485 2982 Basilius

355 3023 539 3090 Mauortius
569 3025 748 3109 conserente
777 3029 931 3110 magistro
954 3024 1059 3088 Felice
1089 3035 1215 3088 oratore
1245 3023 1332 3086 urbis
1355 3025 1483 3090 Romae.

354 3133 523 3196 Mauortius
542 3133 573 3195 in
594 3142 677 3214 parte
694 3131 863 3196 Occidentis
884 3131 988 3195 consul
1012 3130 1068 3194 luit
1089 3153 1107 3194 a
1124 3130 1243 3194 Christo
1263 3152 1293 3193 u.
1313 3153 1391 3194 anuo
1408 3134 1481 3195 527.

355 3237 420 3321 lpse
436 3260 523 3301 suum
540 3237 670 3301 codicem
687 3237 754 3300 ditm
770 3237 859 3320 legit,
881 3261 923 3302 ex
947 3237 1008 3303 alio
1030 3237 1206 3300 recitantem
1223 3235 1354 3300 Felicem
1371 3239 1485 3302 audiuit

356 3354 386 3406 et
402 3346 509 3407 menda
525 3365 601 3426 quae
617 3343 674 3407 sibi
689 3345 867 3407 uidebantur
885 3344 916 3406 iu
932 3365 988 3408 auo
1011 3345 1156 3408 correxit.
1182 3341 1230 3406 Sic
1253 3343 1378 3408 duorum
1394 3345 1484 3409 libro-

355 3471 421 3514 rum
437 3450 505 3514 siue
519 3451 599 3513 bona
614 3451 678 3514 siue
695 3451 773 3514 mala
789 3451 819 3513 iu
841 3470 933 3513 uuum
955 3451 1063 3513 collata
1086 3459 1165 3513 sunt.
1189 3448 1266 3512 Nam
1287 3450 1346 3512 illis
1370 3461 1485 3533 tempo-

356 3556 437 3618 ribus
463 3557 686 3619 emeudatorem
711 3557 828 3620 Horatii
852 3557 971 3639 saepius
993 3575 1111 3618 errasse
1134 3556 1199 3618 ueri
1220 3555 1402 3620 simillimum
1426 3568 1482 3621 est.

355 3661 430 3724 lliuc
453 3663 566 3725 factum
589 3663 710 3726 uidetur
732 3661 829 3726 atilli
854 3662 921 3726 libri
945 3661 1023 3724 boua
1044 3660 1129 3723 malis
1150 3661 1245 3724 mixta
1267 3662 1429 3746 praebeant
1455 3673 1486 3726 et

356 3765 566 3850 inaequalitate
582 3770 708 3850 qualum
724 3780 886 3833 contextus
901 3778 1037 3852 peccent,
1058 3767 1126 3829 dum
1143 3769 1229 3830 modo
1245 3769 1408 3851 scripturas
1424 3769 1485 3831 sin·

355 3893 454 3948 ceras,
471 3874 559 3936 modo
575 3886 728 3958 suspectas
744 3885 775 3938 et
789 3874 983 3958 interpolatas
1000 3871 1154 3938 exhibent.

442 3979 556 4064 llorum
573 3980 716 4044 librorum
732 3992 845 4044 sectam
865 3981 960 4044 codex
978 3980 1132 4044 Gotbanua
1153 3979 1185 4041 iu
1207 3979 1301 4042 altera
1326 3991 1409 4063 parte
1432 4003 1484 4044 suu

356 4084 422 4165 (lot.
445 4088 642 4169 hrt-206)
663 4098 784 4150 secutus
805 4097 862 4151 est.
891 4074 1074 4166 Quam'libri
1096 4097 1209 4170 partem
1232 4105 1288 4169 ego
1310 4107 1368 4149 nou
1395 4097 1484 4150 totam

357 4191 494 4254 conferre
506 4191 559 4255 sed
568 4192 701 4276 potiores
710 4193 856 4256 lectiones
865 4203 896 4257 et
905 4192 1088 4257 differentias
1099 4177 1167 4255 iude
1179 4213 1328 4276 apponere
1338 4193 1420 4256 uolui
1429 4195 1485 4273 Μ).

407 4363 448 4444 ι’)
468 4365 495 4415 lu
514 4368 600 4417 morlia
618 4368 673 4418 uita
691 4369 765 4434 plura
785 4368 900 4431 omiait‚·
913 4368 979 4433 quod
1000 4367 1089 4418 ultima
1108 4367 1206 4417 codicis
1225 4367 1317 4432 pagiua
1336 4375 1415 4417 toturn
1437 4383 1485 4415 nou

358 4435 584 4567 vtptf'zepnmm
596 4505 658 4569 seri
675 4520 692 4554 a
707 4504 822 4577 Curml
839 4505 886 4566 16,
908 4504 981 4570 quod
999 4505 1166 4555 antecedere
1185 4507 1213 4553 t'n
1231 4519 1328 4553 munuc
1348 4517 1420 4578 meur
1433 4515 1485 4549 nou

356 4577 529 4632 peruenerat.
548 4572 645 4637 ltaque
655 4573 870 4638 supplementum
884 4587 918 4621 ere
927 4575 1067 4638 prioribus
1081 4573 1139 4622 oth'r
1152 4573 1202 4621 hoc
1213 4572 1341 4627 recordat,¹
1357 4573 1384 4644 tp
1393 4572 1486 4633 primu

362 4638 441 4690 habet
459 4656 488 4691 u.
501 4641 526 4691 7.
541 4641 688 4705 mobilium,
715 4642 759 4692 12.
772 4641 963 4692 conditionibus
976 4641 1055 4704 (ric),
1084 4641 1125 4691 13.
1141 4641 1286 4700 tlimoueus,
1313 4637 1485 4700 26.1memor‚
