3884 5525
976 604 1113 657 HOHATH

686 780 732 841 sie
748 782 780 839 et
790 776 917 853 Europe
933 779 1061 839 niueum
1076 776 1184 837 doloso

689 890 819 951 eredidit
834 893 925 949 tauro
941 888 1035 964 latus,
1053 892 1086 948 et
1101 890 1270 949 scatentem

688 1001 788 1062 heluis
804 1004 932 1075 pontum
949 999 1128 1073 mediasque
1144 998 1269 1058 fraudes

689 1112 801 1187 palluit
816 1111 931 1171 audax.

690 1278 790 1339 nuper
804 1264 837 1324 iu
853 1263 953 1339 pratis
968 1262 1113 1323 studiosa
1128 1262 1238 1321 tiorum
1256 1266 1288 1322 et

691 1375 812 1435 debitae
827 1371 986 1451 Nymphis
1002 1373 1108 1448 opifex
1123 1386 1259 1433 eorouae

691 1490 784 1547 noete
800 1485 953 1546 sublustri
970 1484 1047 1545 nihil
1062 1488 1148 1544 astra
1163 1487 1289 1558 praeter

692 1596 773 1657 uidit
788 1600 819 1655 et
833 1596 945 1656 uudas.

691 1763 770 1825 quae
787 1749 881 1810 simul
897 1752 1023 1809 eentum
1039 1749 1145 1823 tetigit
1159 1751 1317 1825 potentem

692 1860 812 1936 oppidis
829 1855 957 1935 Creten,
972 1852 1086 1935 ‘palem
1104 1874 1122 1920 o
1138 1858 1282 1920 relietum

553 2108 678 2160 25-28.
703 2109 854 2175 Eutychiae
876 2106 897 2157 ll
922 2108 963 2158 15.

1088 2107 1130 2158 25.
1156 2038 1251 2173 eurohh
1270 2108 1309 2170 A,
1330 2123 1424 2173 europe
1444 2110 1475 2158 B.

483 2179 610 2230 30-31.
630 2182 746 2243 interpr.
762 2177 865 2241 Vergil.
881 2176 980 2229 Veron.
996 2177 1062 2227 Aea.
1077 2175 1148 2227 Villi
1168 2177 1218 2226 373
1237 2181 1264 2225 et
1276 2176 1387 2226 Seruius
1400 2178 1508 2227 ibidem.

859 2245 901 2295 31.
923 2245 1002 2295 nichil
1014 2246 1047 2295 B.
1120 2252 1207 2311 preter
1221 2244 1276 2295 GH.
1382 2245 1425 2295 34.
1446 2244 1561 2296 eretaG.

1110 2335 1119 2363 J

484 2250 526 2299 30.
549 2248 655 2313 nimphis
670 2246 752 2297 AGH.

484 2325 570 2368 ereteu
584 2319 638 2381 apd*
651 2331 694 2365 ore
707 2314 776 2365 laetis
783 2315 817 2365 A.

536 2592 648 2641 25-76.
660 2590 830 2656 Subsequitur
837 2590 937 2653 longum
945 2590 1026 2655 episo-

484 2661 569 2724 didm,
590 2661 620 2709 do
634 2676 682 2725 quo
696 2660 749 2709 dixi
767 2660 793 2709 in
807 2658 947 2709 Prooemio.
975 2658 1028 2708 Hoe

484 2730 548 2780 seite
562 2736 758 2795 attemperatum
771 2735 811 2779 est
829 2736 915 2779 cetero
935 2728 1028 2778 earmi-

484 2799 522 2848 uis
537 2806 695 2861 argumento.
724 2797 848 2848 Nimirum
863 2805 892 2846 ut
904 2797 1027 2846 Horatius

484 2866 608 2918 Galateae
631 2867 680 2917 sibi
703 2882 778 2916 oarae
801 2866 851 2916 iter
871 2867 1027 2932 propositum

484 2953 533 2986 non
551 2937 673 2986 dissuasit
692 2951 772 2999 neque
793 2935 864 2984 abire
884 2937 1027 2999 cupientem

484 3006 599 3056 detinere
613 3005 704 3066 uoluit,
719 3005 757 3054 sie
770 3004 898 3068 proposito
912 3002 1027 3067 Europes

484 3074 598 3138 exemplo
612 3073 685 3122 uaria
698 3072 798 3136 puellae
816 3072 848 3120 ad
867 3078 970 3120 exteros
983 3071 1028 3119 ab·

484 3141 568 3191 euntis
590 3139 703 3204 pericula
723 3147 749 3188 et
763 3140 865 3188 timores
879 3139 1027 3202 exequitur,

484 3208 529 3258 sed
543 3208 630 3256 addito
645 3207 720 3256 ieliee
733 3207 834 3256 itineris
847 3208 918 3256 exitu
929 3213 1027 3256 tautum

485 3277 557 3325 abest
581 3282 609 3323 ut
629 3273 763 3323 Galateam
788 3289 803 3322 a
828 3275 904 3323 simili
928 3275 1027 3340 incepto

484 3344 649 3406 dehortetur,
671 3349 699 3390 ut
719 3342 829 3390 animum
845 3342 870 3392 ei
883 3343 976 3393 ieeisse
989 3344 1029 3393 ui-

484 3412 584 3462 deatur.

534 3513 578 3562 25.
598 3513 722 3576 Europe:
743 3511 859 3578 Europae
874 3513 929 3563 sata
942 3514 1029 3564 breui-

484 3590 524 3632 ter
542 3588 667 3631 promorat
687 3579 809 3631 Homerus
827 3581 857 3632 ll.
874 3581 976 3647 5321,
996 3599 1028 3633 ex

483 3649 592 3701 Hesiodo
615 3657 641 3699 et
661 3650 815 3716 Bacchylide
841 3659 930 3702 narrat
954 3653 1028 3702 seluo-

484 3720 561 3770 liesta
573 3717 667 3770 Venet.
688 3719 719 3768 ad
734 3717 765 3768 ll.
780 3722 814 3770 M
836 3719 903 3784 3073
924 3719 957 3770 ei.
974 3719 1029 3770 Mo-

483 3789 537 3838 sohi
551 3788 624 3856 idyli.
640 3787 665 3850 2,
687 3787 795 3837 Ouidius
808 3786 912 3839 Metam.
928 3789 948 3840 ll
965 3790 1026 3854 836,

483 3857 538 3910 alii.
558 3857 585 3906 ln
606 3855 701 3906 tabulis
722 3857 796 3921 pletis
815 3873 861 3922 per
874 3857 973 3908 ltaliam
989 3875 1028 3908 re-

482 3926 564 3990 pertis
578 3941 619 3974 res
633 3925 735 3990 saepius
749 3934 966 3990 repraesentatur.

534 4041 657 4092 25-26.
677 4041 771 4093 doloso
791 4044 907 4094 eredidit
926 4049 1025 4095 tauro:

482 4107 517 4160 ei.
537 4109 651 4159 Prooem.

533 4227 645 4278 26-28.
661 4234 690 4278 at
701 4234 851 4279 seuientem
861 4256 893 4264 —
905 4229 1026 4294 palluit:

481 4302 509 4346 et
521 4297 546 4346 iu
560 4297 706 4346 sententiae
726 4313 808 4346 nouae
822 4297 945 4362 principio
958 4297 1027 4360 posi-

481 4373 531 4414 tum
547 4380 637 4414 nouum
651 4372 696 4415 aut
708 4381 792 4415 rarum
814 4371 885 4413 notat
899 4365 967 4430 (aad
979 4363 1023 4428 da,

479 4433 527 4482 καὶ
540 4428 597 4498 δή).
613 4433 674 4484 Siua
688 4448 766 4483 eausa
777 4432 909 4482 Bentleius
922 4437 954 4481 at
966 4448 1026 4487 eon·

480 4502 549 4550 ieeit.
635 4501 743 4566 pallara
766 4505 881 4562 pontiam
905 4507 946 4550 est
969 4515 1025 4550 eum

480 4570 577 4632 pallore
597 4577 698 4632 pontum
718 4568 815 4616 uidere.
844 4567 901 4634 le.
917 4568 927 4618 l
944 4568 1022 4618 310:

1071 2590 1196 2639 haustas.
1224 2586 1318 2637 inritati
1337 2594 1396 2637 suut
1414 2586 1517 2638 Persius
1536 2588 1546 2638 l
1567 2588 1619 2637 124

1070 2666 1098 2708 et
1110 2657 1190 2707 Silius
1204 2655 1213 2705 1
1229 2656 1286 2705 101.

1123 2743 1167 2793 27.
1186 2742 1342 2808 mediasque
1353 2741 1492 2807 fraudes:
1511 2742 1538 2792 iu
1551 2756 1618 2807 quas

1071 2813 1109 2862 ita
1122 2811 1250 2862 inciderat
1269 2819 1297 2861 ut
1315 2812 1425 2876 undique
1439 2811 1471 2860 ab
1484 2812 1517 2860 iis
1530 2812 1619 2860 irreti-

1071 2889 1123 2930 tam
1136 2897 1163 2930 se
1177 2881 1286 2930 uideret.
1310 2875 1370 2929 ‘uon
1391 2878 1495 2930 fraudes
1514 2881 1616 2930 medias

1071 2950 1153 2999 sedin
1166 2949 1248 2998 medio
1261 2949 1320 2998 dolo
1333 2943 1466 3013 cognitas’.
1481 2949 1578 2999 Aeuom,

1123 3035 1166 3084 28.
1186 3035 1297 3084 audam:
1317 3035 1401 3084 audax
1420 3042 1530 3084 uocatur
1548 3035 1617 3100 quod

1071 3103 1186 3152 aseendit
1211 3111 1321 3153 taurum.
1352 3103 1419 3153 Beue
1448 3105 1617 3169 compositum

1071 3171 1166 3220 audam
1179 3179 1205 3221 et
1212 3173 1325 3237 polluit.

1125 3256 1237 3307 29—32.
1251 3257 1371 3308 Breuiter
1383 3266 1410 3309 et
1421 3257 1502 3324 lyriee
1515 3265 1618 3324 raptum

1072 3333 1162 3376 narrat
1173 3341 1325 3391 componens
1338 3328 1477 3377 contraria.

1123 3411 1167 3461 30.
1187 3411 1293 3461 deditae
1304 3441 1336 3449 -
1352 3429 1482 3464 aoranae:
1496 3427 1618 3462 eoronam

1071 3479 1172 3529 curiose
1186 3481 1289 3530 serebat
1301 3482 1435 3546 (opifex),
1450 3496 1523 3546 quam
1537 3479 1618 3547 Nym-

1070 3549 1129 3613 phis
1152 3557 1270 3599 uouerat.
1298 3549 1433 3616 Nymphis
1452 3550 1563 3615 pendere
1583 3565 1618 3598 ex

1071 3617 1178 3667 debitae
1187 3619 1322 3668 eolloeatio
1332 3620 1468 3668 uerborum
1477 3626 1615 3668 monstrat.

1122 3703 1165 3752 31.
1194 3710 1272 3753 noeto
1289 3705 1438 3754 sublustri:
1456 3703 1538 3766 magis
1557 3703 1618 3751 iror-

1071 3771 1154 3820 ridum
1168 3772 1312 3834 discrimen,
1327 3773 1392 3836 quod
1407 3781 1519 3835 tempore
1534 3771 1617 3821 noetis

1071 3839 1225 3902 sublustris,
1245 3842 1270 3889 h.
1285 3855 1309 3888 e.
1324 3841 1402 3888 astris
1422 3846 1521 3888 tautum
1535 3839 1616 3889 eollu-

1071 3909 1161 3970 centis,
1177 3923 1245 3956 mare
1259 3907 1416 3970 permeabat.

1120 3991 1231 4041 31-32.
1248 3991 1318 4040 nihil
1329 3997 1407 4061 ostra
1417 3998 1533 4057 praeter
1545 3999 1618 4044 —et

1071 4060 1173 4138 gadas:
1209 4057 1305 4108 Mosei.
1331 4075 1356 4109 u.
1380 4060 1443 4110 129:
1476 4055 1535 4111 ἀλλ’
1562 4057 1614 4131 ἀὴρ

1069 4132 1202 4197 varedeo,
1214 4125 1310 4197 ἔνερθε
1320 4125 1351 4177 δὲ
1363 4123 1466 4195 moveor
1478 4124 1612 4198 ἀπείρων.

1122 4212 1247 4261 33-36.
1268 4210 1371 4262 Cretam
1384 4230 1439 4264 eum
1452 4215 1539 4278 uenit,
1559 4223 1614 4265 tau·

1069 4296 1130 4329 rum·
1137 4279 1324 4345 aliquantisper
1336 4282 1422 4333 abisse
1435 4291 1511 4347 poeta
1523 4285 1611 4346 fiuxit3

1069 4349 1170 4398 interea
1187 4349 1214 4397 in
1236 4350 1365 4414 querellas
1383 4351 1483 4417 Europe
1506 4352 1613 4402 effundi-

1069 4423 1120 4495 tur.
1141 4416 1195 4497 llas
1211 4417 1255 4468 uia
1269 4433 1341 4469 omne
1353 4420 1478 4470 lubricum
1491 4420 1612 4472 Horatius

1069 4492 1174 4536 uitauit.

1120 4570 1232 4622 33-34.
1254 4577 1361 4622 eentum
1369 4602 1405 4610 -
1416 4579 1557 4638 potentem
1568 4592 1611 4641 op-

479 4636 618 4686 Pindarici
631 4637 725 4701 sontis
747 4639 793 4700 qui
814 4651 868 4686 aon
888 4637 1027 4702 sepulture
1065 4639 1158 4704 pillis:
1179 4642 1250 4692 Hom.
1265 4640 1295 4692 ΙΙ.
1309 4645 1336 4690 Β
1348 4643 1413 4692 649:
1426 4636 1542 4707 Κρήτην
1554 4640 1612 4693 ἕκα-
