3884 5525
879 674 1145 729 PHOLEGOHHNA.

986 858 1031 921 11.

784 1006 967 1073 svarorur
994 1006 1235 1090 suanorum

963 1114 1060 1177 vira
1373 1092 1395 1129 ⁶

841 1220 1008 1286 uonaru
1031 1219 1186 1285 unaucr.

534 1411 675 1475 Horatius
691 1410 817 1475 Flaccus
828 1409 1013 1488 Venusinus,
1031 1419 1127 1493 patre,
1145 1417 1177 1471 ut
1191 1408 1255 1492 ipse
1271 1407 1372 1486 tradit,
1389 1406 1530 1470 libertino
1546 1418 1576 1471 et

447 1517 640 1581 exactionum
655 1528 811 1596 coactare,
836 1525 869 1580 ut
890 1536 963 1578 uero
980 1515 1125 1579 creditum
1149 1524 1213 1591 cst,
1239 1513 1483 1593 salsamentario,
1508 1534 1575 1576 cum

446 1624 489 1686 illi
506 1624 622 1705 quidam
638 1622 670 1685 in
686 1624 879 1687 altercatione
895 1622 1110 1706 exprobrasset
1130 1622 1273 1707 quotiens
1288 1642 1348 1703 ego
1364 1620 1435 1683 uidi
1446 1631 1575 1705 patrem

447 1740 531 1791 tuum
554 1729 684 1792 bruelio
698 1752 733 1793 se
748 1732 982 1813 assurgentem!
1003 1729 1081 1792 bello
1097 1726 1279 1812 Philippensi
1302 1726 1421 1789 excitus
1438 1726 1575 1789 aMarco

410 1834 541 1897 struto
568 1836 751 1919 imperatore
780 1836 916 1899 tribunus
945 1834 1069 1898 militum
1097 1832 1223 1914 meruit3
1256 1831 1406 1915 uictisque
1426 1830 1572 1916 partibus,

445 1940 536 2027 uenia
569 1940 726 2024 impetrata
754 1945 895 2026 scriptum
921 1941 1134 2024 'quaestorium
1165 1939 1361 2023 comparauit.
1415 1960 1450 2003 ac
1480 1938 1598 2025 primo*

516 2095 542 2145 1.
561 2093 683 2144 Horatius
696 2094 722 2144 H
731 2094 857 2145 Nunnius
866 2095 1006 2159 Muretus,
1020 2098 1104 2147 etiam
1117 2096 1311 2161 Hieronymus:
1330 2092 1440 2168 Quintus
1452 2094 1575 2145 Horatius

449 2164 597 2229 Cruquius,
616 2179 685 2228 puae
697 2166 784 2230 ipsius
796 2170 840 2214 est
850 2166 1039 2230 interpolatio.
1122 2164 1175 2231 ipse
1188 2165 1214 2215 H
1224 2162 1349 2214 Nunnius
1364 2164 1500 2213 ilderatus.-
1520 2163 1574 2229 ipse

446 2232 549 2297 quidem
564 2234 712 2296 Cruqus'us.
792 2232 900 2284 tradidit
912 2234 968 2285 HH.
1087 2233 1113 2284 2.
1133 2231 1305 2298 exactionum]
1320 2232 1498 2283 exauctionum
1514 2232 1576 2283 Ges-

445 2316 536 2363 nerus‚
557 2301 701 2350 auctionum
713 2299 747 2351 H.
826 2317 888 2351 uero
903 2303 1039 2367 Crupuius
1052 2306 1081 2351 et
1091 2302 1232 2353 Muretus:
1251 2316 1313 2351 nere
1326 2302 1351 2351 H
1361 2300 1487 2352 Nunnius
1496 2296 1575 2365 ‘legi-

446 2374 494 2419 tur
506 2374 534 2419 et
544 2364 612 2419 uere’
626 2368 799 2433 Hutgersius,
821 2370 875 2421 iere
889 2370 1075 2422 casaubonus.
1153 2378 1249 2421 cstom
1262 2371 1295 2421 H.
1413 2370 1439 2420 3.
1458 2370 1482 2419 in
1497 2369 1575 2420 alter-

445 2438 548 2488 catione
561 2438 742 2513 exprobrasset
753 2440 780 2489 H
789 2438 914 2490 Nunnius
926 2440 1065 2491 Muretus:
1085 2442 1266 2505 exprobrasset
1279 2440 1304 2488 in
1317 2438 1408 2489 altera.
1424 2440 1572 2504 Crrtpuius.

479 2506 597 2571 quotiens
614 2506 740 2557 Nunnius
760 2508 941 2573 ottrentae,
968 2508 1090 2573 quociens
1107 2510 1147 2559 H:
1174 2508 1274 2575 quotics
1289 2507 1435 2573 Cruquius.

444 2576 473 2625 4.
499 2575 617 2641 bracbio]
637 2575 723 2625 cubito
741 2575 869 2628 Nunnius
887 2594 938 2644 per
954 2592 1086 2629 errorem.
1172 2583 1389 2640 scemuogeutem
1409 2576 1436 2626 H
1450 2575 1574 2627 Muretus

448 2644 602 2710 Cruquius:
632 2653 808 2709 emungentem
827 2645 968 2709 Nannias3
990 2641 1030 2697 ‘et
1049 2662 1102 2711 pro
1122 2662 1167 2706 eo,
1193 2646 1299 2695 brachiu
1319 2660 1347 2693 se
1370 2636 1572 2707 immungentem’

446 2711 674 2779 (amusement),
691 2707 809 2781 ‘legitur
821 2709 1002 2783 emungentcm’
1014 2714 1182 2782 Hutgersius.
1251 2712 1395 2778 philipeose
1409 2714 1441 2762 H.
1519 2712 1574 2761 exi-

445 2783 488 2834 lus
501 2784 533 2846 H,
553 2783 683 2833 exercitus
695 2783 858 2835 Puteuneus.
963 2787 989 2836 5.
1009 2785 1154 2836 tribunatus
1168 2781 1223 2833 HH.
1294 2781 1410 2848 partibus
1424 2781 1492 2831 bruti
1505 2781 1538 2831 H.

446 2851 472 2902 6.
492 2853 650 2917 questorium
662 2853 697 2903 H.

499 2987 523 3037 1.
541 2993 639 3051 patre,
661 2992 696 3036 ut
707 2991 764 3051 ipse
783 2988 888 3049 trudit,
909 2988 989 3038 liber-
1031 2985 1149 3036 mundum
1160 2991 1286 3050 repertura
1297 2999 1371 3034 snum
1381 2983 1446 3034 nibil
1457 2982 1573 3050 prolerre

447 3058 522 3104 tino:
534 3053 619 3104 Serm.
635 3053 644 3103 Ι
658 3054 673 3102 6
687 3055 702 3103 6
716 3063 741 3104 et
753 3056 786 3102 45
800 3063 826 3103 et
837 3056 881 3113 46,
903 3054 961 3121 Epi.
977 3054 987 3104 l
1032 3061 1116 3121 potest
1135 3060 1240 3118 praeter
1252 3069 1341 3104 nomen
1361 3053 1572 3116 exaedificatio.-

446 3122 536 3172 2020.
562 3121 717 3171 Particulanr
737 3122 847 3186 quidem
860 3123 988 3187 Cruquius
1032 3138 1120 3172 uerum
1146 3122 1219 3172 adest
1243 3123 1348 3172 uerbum
1379 3121 1571 3185 raeaedificare,

445 3191 478 3240 ab
497 3190 673 3255 interpolando
699 3206 748 3238 non
767 3189 868 3241 alienus
888 3192 990 3242 uidetur
1032 3207 1080 3242 non
1094 3193 1167 3241 adest
1179 3206 1325 3257 emungere.

444 3257 599 3309 inseruisse:
614 3257 762 3319 situantur,
778 3259 914 3309 Suetonius
929 3275 990 3310 con·
1082 3259 1160 3310 2-4.
1180 3259 1470 3309 salsamentario—se
1483 3274 1574 3309 emun-

444 3326 525 3378 trario
538 3343 654 3392 uanoque
668 3327 762 3376 rumori
775 3327 871 3392 aliquid
885 3329 986 3378 tribuit.
1029 3334 1153 3392 gentem:
1167 3327 1202 3378 cl.
1215 3335 1306 3378 auctor
1317 3329 1348 3378 acl
1358 3328 1510 3378 Herennium
1526 3327 1573 3377 llll

495 3395 522 3445 2.
542 3399 734 3446 exactionum:
749 3397 808 3445 lue.
822 3398 987 3461 pecuniarum
1031 3397 1079 3446 54:
1102 3403 1136 3448 ut
1148 3401 1174 3446 si
1183 3397 1391 3446 salsamentarii
1401 3398 1468 3458 filio
1482 3397 1571 3447 dieas:

444 3463 637 3528 exigendarum.
662 3463 755 3514 Herum
775 3465 987 3528 significationem
1031 3469 1136 3532 quiesce
1160 3471 1192 3516 tu
1217 3465 1310 3530 (balta
1333 3465 1369 3515 du
1395 3465 1444 3515 den
1467 3465 1571 3529 Hand),

445 3535 618 3598 (concrctam,
637 3539 667 3582 ut
685 3533 773 3584 dicunt
785 3537 924 3598 nostrates)
943 3551 988 3585 nu·
1031 3538 1106 3585 cuius
1117 3540 1201 3600 pater
1213 3535 1340 3584 cubitose
1353 3534 1574 3599 emungeresola-

444 3617 530 3652 merus
548 3601 720 3651 multitudinis
739 3603 853 3668 praebet.
881 3603 988 3654 Asinius
1032 3604 1087 3653 bet.
1119 3603 1241 3667 Diogenis
1260 3602 1348 3654 Laert.
1366 3602 1410 3652 llll
1433 3603 1507 3666 546,
1529 3603 1573 3652 ubi

444 3669 526 3720 Pollio
539 3672 571 3720 ad
580 3671 727 3721 Ciceronem
739 3671 784 3736 (ad
794 3670 885 3723 Hamil.
895 3672 919 3722 X
930 3673 985 3736 32);
1031 3672 1094 3722 Hion
1102 3671 1284 3738 Borysthenita
1295 3672 1326 3721 ad
1334 3672 1487 3734 Antigonum
1498 3671 1571 3720 dicia

443 3740 546 3790 Bulbus
565 3744 856 3806 quaestor-maiore
877 3747 990 3807 argenti
1030 3737 1097 3805 ἐμοῦ
1116 3737 1130 3790 ὁ
1149 3739 1241 3804 πατὴρ
1258 3739 1312 3808 μὲν
1329 3731 1363 3804 ἢν
1376 3733 1572 3806 ἀπελεύθερος,

444 3807 581 3874 (pondere)
592 3814 685 3860 caueto
696 3809 729 3858 de
737 3810 857 3874 publicis
867 3815 989 3860 exactio·
1031 3809 1070 3873 τῷ
1089 3803 1194 3875 ἀγκῶνι
1212 3803 1447 3878 ἀπομυσσόμενος
1463 3837 1499 3846 -
1518 3807 1573 3858 dee·

444 3878 539 3940 nibus,
560 3892 624 3942 quae
644 3877 724 3927 uerba
740 3877 912 3928 Forccllinius
932 3880 988 3928 lau·
1031 3872 1116 3940 δήλου
1127 3876 1157 3928 δὲ
1167 3873 1215 3928 τὸν
1226 3879 1485 3946 sumptumque-7
1496 3878 1574 3943 γένος

445 3944 527 3996 dauit.
544 3945 676 3996 »Horatius
688 3954 787 4012 patrem
800 3947 914 3996 breuiter
926 3963 988 3997 cou-
1029 3949 1247 4013 Βορυσθενίτης.
1262 3946 1573 4012 Salsamenturiuepisces

444 4019 546 4063 ctorem
567 4016 749 4078 (Hinnebmer)
770 4016 883 4065 nominat
903 4014 985 4066 Serm.
1030 4015 1084 4064 sale
1098 4015 1215 4065 conditos
1229 4015 1326 4066 uendit.
1441 4015 1449 4024 ’

444 4081 544 4146 1686,
563 4082 700 4133 Suetonius
717 4087 894 4133 exactionum
912 4084 987 4134 addi·
1082 4085 1160 4133 4-6.
1181 4087 1286 4134 cucillae
1297 4099 1313 4134 a
1323 4079 1512 4134 NarcoBruto
1523 4085 1573 4131 im·

443 4151 497 4214 dit,
519 4159 547 4200 ut
566 4152 761 4214 magistratibus
773 4150 856 4202 officia
875 4153 987 4217 praesti·
1027 4157 1171 4217 peratore:
1193 4153 1298 4203 uerbum
1312 4156 1417 4202 eucitus
1431 4151 1573 4216 (ausgebo-

442 4219 506 4270 tissa
526 4228 625 4285 patrum
643 4220 745 4270 Horatii
764 4221 898 4271 indicaret.
930 4221 985 4283 Ego
1030 4225 1084 4282 ten)
1109 4228 1136 4270 et
1161 4238 1250 4271 nomen
1275 4227 1427 4286 insperatos·
1458 4219 1573 4268 indicant

443 4291 633 4355 quaestoribus
656 4304 758 4354 operam
788 4289 889 4339 dedisse
914 4289 986 4340 illum
1028 4297 1157 4354 potestate
1176 4289 1341 4356 imperatoria
1354 4289 1459 4338 Brutum
1476 4287 1571 4352 egisse,

444 4357 656 4417 existimauerim,
677 4364 703 4406 et
716 4357 763 4408 boc
776 4359 854 4423 ipsum
868 4358 985 4409 effecisse
1029 4359 1094 4422 quod
1104 4358 1225 4409 Horatius
1236 4375 1334 4425 quoque
1345 4357 1500 4421 significauit
1513 4354 1570 4421 le.

442 4426 556 4489 conicio,
579 4441 625 4475 cur
637 4425 758 4475 Horatius
771 4427 891 4491 scriptum
905 4444 986 4492 qraeae·
1029 4426 1050 4476 ll
1065 4427 1079 4476 2
1093 4428 1136 4477 46.

442 4498 560 4545 starium
577 4502 746 4559 compararet.
772 4492 881 4545 Gesneri
899 4496 985 4546 conie-
1081 4497 1106 4545 5.
1127 4497 1254 4546 tribunus
1266 4495 1386 4544 militum
1400 4495 1516 4543 munit:
1534 4491 1569 4541 cl.

441 4573 515 4612 ctura
526 4566 717 4613 annectionem
726 4564 824 4628 profert
833 4564 984 4614 uocabulum
1028 4562 1110 4613 Serm.
1125 4564 1134 4614 l
1148 4565 1163 4614 6
1176 4563 1221 4614 48.

442 4631 545 4682 aliunde
566 4648 614 4681 non
634 4631 762 4695 cognitum
784 4648 830 4682 nec
853 4633 984 4698 praesenti
1079 4634 1105 4682 6.
1136 4636 1270 4696 scriptum
1291 4633 1494 4696 panetiarium:
1520 4629 1572 4678 ofli-

443 4707 503 4751 ncta
515 4700 724 4752 commendatum.
754 4699 884 4753 Gesncrns
896 4702 929 4752 ad
941 4703 983 4752 tir·
1027 4700 1093 4751 cium
1106 4700 1206 4751 scribac
1218 4697 1376 4766 quaestorii,
1396 4698 1462 4765 quod
1476 4696 1571 4748 obcun-
