3884 5525
778 601 954 654 CAlllleVll
974 603 995 654 ll
1015 605 1040 654 5.

556 773 647 834 cutus
663 775 809 834 octauum
828 773 998 848 trcnldault
1012 777 1099 836 aetas

556 882 701 944 claudere
715 883 861 946 lustrum.

892 1338 931 1398 V.

556 1518 701 1582 Nondum
717 1521 846 1582 subacta
863 1521 946 1582 terre
960 1519 1070 1596 iugum
1085 1521 1170 1582 ualet

557 1631 692 1707 ceruice,
710 1632 846 1692 nondum
862 1632 968 1693 munta
983 1631 1137 1706 comparis

558 1756 692 1817 aequare
707 1757 766 1803 nec
780 1742 865 1803 tauri
879 1743 1002 1804 ruentis
1042 1795 1044 1800 .

556 1852 590 1912 in
604 1866 753 1914 uenerem
768 1852 902 1914 tolerare
916 1852 1048 1930 pondus.

417 2040 459 2090 23.
480 2047 537 2090 etas
551 2040 581 2090 B.
1073 2060 1077 2068 ·
1167 2031 1179 2060 ⁶

417 2198 472 2258 Nou
491 2225 548 2259 esse
566 2210 750 2276 properandum
769 2210 800 2260 ad
817 2211 926 2274 uirginis
945 2211 1067 2260 osculum.
1100 2209 1176 2261 iletr.
1192 2217 1243 2262 cet.
1257 2213 1292 2263 A.
1405 2209 1476 2262 Dicit

351 2279 435 2326 onnia
446 2279 597 2343 (omniuot)
611 2296 659 2328 non
670 2295 727 2330 esse
740 2281 923 2344 properando·
937 2279 969 2328 ad
984 2279 1091 2343 uirginis
1101 2279 1224 2330 osculum.
1244 2279 1334 2330 Euticu
1347 2281 1430 2330 oratio
1443 2281 1474 2330 ad

350 2347 463 2396 sodalem
475 2361 522 2410 per
533 2347 682 2410 allegoriam
695 2348 727 2398 B.
826 2347 880 2397 0de
894 2348 1033 2398 tetracolon
1046 2347 1262 2414 perallegoriam.
1282 2347 1335 2398 Non
1350 2364 1405 2399 esse
1416 2363 1476 2414 pro·

350 2416 487 2479 perandum
501 2415 532 2465 ad
546 2416 654 2479 uirginis
668 2417 781 2467 osculum
794 2417 827 2466 Η.
864 2417 1009 2467 Diomedes
1021 2422 1100 2466 aaaeto
1114 2416 1352 2472 loconumaractt.

419 2484 445 2533 2.
467 2484 585 2549 conparis
597 2485 629 2534 B.

351 2723 445 2790 aliquid
468 2739 525 2774 cum
546 2719 707 2791 proceritate'
731 2725 840 2777 Seavrva
858 2725 891 2776 ad
988 2722 1076 2774 1-2.
1096 2721 1345 2773 nondumne-ntea.-
1366 2722 1474 2787 imagine

349 2790 448 2857 Vergil.
463 2794 527 2843 Aen.
543 2792 577 2843 vt
590 2795 649 2845 207.
935 2800 1035 2858 sumpta
1054 2807 1070 2841 a
1088 2792 1194 2841 iuuenca
1208 2806 1263 2840 cum
1276 2806 1393 2857 compare
1410 2793 1475 2841 boue

934 2862 993 2924 iugo
1007 2860 1115 2911 nondum
1134 2859 1305 2910 submittenda
1323 2861 1386 2910 dicit
1405 2860 1476 2926 puel-

935 2930 985 2981 lam
1000 2930 1048 2980 sibi
1061 2929 1180 2979 dilectum
1194 2929 1352 2979 matrimonio
1366 2929 1475 2979 nondum

934 3007 1058 3049 maturum
1081 3012 1147 3047 esse.
1171 2994 1206 3046 Vt
1225 2997 1284 3061 iugo
1305 2998 1413 3047 iuuenca
1432 2998 1476 3047 ad-

935 3067 1005 3130 iungi
1025 3066 1121 3132 possit,
1143 3081 1206 3131 opus
1224 3074 1264 3116 est
1282 3066 1337 3116 eius
1349 3067 1475 3117 ceruicem

936 3144 994 3186 ante
1008 3137 1139 3185 subactam
1160 3150 1233 3198 ease,
1257 3137 1280 3184 la.
1296 3151 1319 3184 e.
1335 3136 1385 3186 ritc
1404 3150 1477 3199 prae-

502 3239 507 3251 .
936 3211 1050 3270 parntem
1079 3203 1150 3253 oneri
1181 3203 1338 3253 sustinendo.
1375 3204 1499 3269 Attoqni'

401 3270 525 3321 23—24.
557 3279 686 3325 octauum
709 3301 745 3311 -
768 3275 893 3325 claudere
935 3274 1023 3322 ceruix
1037 3272 1226 3322 exulcerabitur
1238 3280 1264 3321 ct
1276 3280 1431 3322 conteretur.

351 3338 483 3389 lustrum:
498 3340 548 3389 iam
559 3357 638 3391 annos
648 3343 815 3408 quadraginta
826 3359 893 3392 com·
935 3342 1010 3391 catat
1022 3342 1157 3405 —serre:
1177 3340 1265 3389 ualida
1283 3350 1323 3390 est
1340 3342 1372 3391 ad
1392 3340 1477 3391 ieron·

351 3406 475 3472 releuaret,
487 3417 563 3461 natus
576 3426 600 3459 a.
610 3412 669 3461 689.
690 3410 778 3476 ltaque
792 3427 892 3462 carmen
936 3410 1011 3473 dum;
1027 3408 1061 3459 cl.
1077 3408 1108 3458 ad
1122 3408 1130 3458 l
1145 3408 1177 3457 34
1194 3408 1234 3459 12.

351 3491 376 3525 a.
391 3477 441 3525 730
461 3484 507 3526 aut
524 3480 599 3543 paulo

352 3544 435 3594 Verbo
461 3548 616 3610 trepidauit
646 3549 743 3599 indicat
766 3549 893 3599 iuuenilea

352 3628 430 3663 annos
443 3615 565 3667 celeriter
576 3616 713 3667 effluxisse.
728 3623 733 3631 '

402 2895 457 2949 22..
465 2896 539 2961 suge
555 2900 706 2962 auspicari.-
731 2898 891 2949 innocentiae

350 2963 504 3028 professioni
538 2966 611 3015 addit
646 2974 822 3029 argumentum
858 2967 891 3017 ab

350 3039 436 3083 aetate
449 3040 590 3098 sumptum
603 3034 677 3100 suge
694 3037 799 3099 grauius
816 3051 891 3101 quam

350 3102 413 3218 mi.
485 3105 633 3168 auspicari,
660 3104 685 3153 lt.
700 3120 724 3154 e.
747 3112 891 3169 suspectum

368 3184 454 3219 aere.
731 3195 739 3206 ·

623 3488 680 3546 1⁸⁰st
700 3481 821 3546 mittum
841 3488 891 3529 ⁰³²·
989 3512 1014 3561 2.
1034 3514 1127 3560 maala
1140 3513 1290 3574 comparia:
1309 3510 1477 3561 laboresaor-

935 3580 1025 3629 νωνοῦ
1038 3580 1092 3628 siue
1107 3579 1254 3644 συνεργοῦ,
1275 3578 1299 3627 t.
1316 3594 1339 3627 e.
1354 3581 1396 3643 qui
1411 3579 1476 3628 idem

936 3663 1026 3697 munus
1048 3654 1074 3696 et
1095 3661 1157 3710 opus
1180 3645 1250 3695 lucit.
1280 3646 1371 3695 atiena
1391 3647 1478 3696 intulit

936 3718 1019 3765 Acron
1030 3734 1036 3763 a
1048 3709 1161 3768 ‘munia
1175 3713 1295 3777 obsequia
1310 3714 1365 3777 lege
1378 3714 1475 3777 debita,
1515 3766 1518 3771 ,

402 3819 490 3869 Carm.
502 3818 533 3870 V,
553 3820 719 3873 Prooemium.
747 3823 815 3875 Viro
828 3838 893 3872 noa·
936 3784 1003 3863 qum}
1016 3783 1072 3863 ’,Νη
1084 3781 1197 3843 mlle&
1211 3781 1243 3829 ‘¹⁰
1254 3781 1378 3863 imdhfflffih
1388 3782 1478 3863 ¹¹¹⁰&

899 3874 901 3881 ·
937 3852 1037 3902 officio.
1065 3850 1117 3899 lloc
1136 3851 1234 3899 demum
1252 3865 1374 3915 proamita
1391 3850 1478 3901 uarlm

249 3895 258 3977 j
353 3910 541 3960 damnatura
554 3911 894 3977 crthlugeproeterom-
937 3922 1013 3970 inest.

239 3987 248 4042 ι’
353 4014 395 4049 aaa
408 4002 479 4049 mida·
488 3996 600 4063 dilectu,
614 4001 663 4051 aed
674 4016 740 4051 mccc
751 3995 813 4050 crit.
839 4000 894 4049 lta·
990 4022 1479 4087 34metauri-3⁰13,.0,.0p⁰„,

353 4097 401 4153 qde
430 4092 636 4139 matrimonium
667 4093 726 4139 eiua
753 4091 895 4155 festinare
938 4089 1278 4139 daartaurusiuuenereur
1292 4090 1479 4155 ruenspoctice

353 4180 415 4229 ΜΗ,
436 4176 557 4242 (Mem
571 4178 727 4243 mmmm«
936 4165 1044 4209 uocatur
1057 4165 1147 4207 taurus
1167 4158 1208 4221 qui
1222 4172 1325 4208 uaccam
1346 4159 1403 4209 init.
1431 4156 1478 4208 Te·

938 4242 1000 4276 uera
1020 4228 1129 4277 iuuenca
1147 4233 1222 4277 tauro
1243 4242 1290 4276 nou
1311 4227 1478 4284 submittitur,

402 4296 570 4346 Occasionem
593 4296 702 4345 faciendi
724 4295 848 4359 poematis
868 4302 895 4344 et
938 4312 969 4345 ne
982 4297 1093 4361 pondere
1105 4294 1161 4344 eius
1182 4294 1315 4357 frangatur
1327 4303 1371 4346 aut
1383 4294 1479 4359 aliquid

353 4362 477 4427 ingenium
499 4366 558 4414 eius
580 4365 606 4413 iu
624 4363 754 4414 Prooemio
775 4363 895 4413 carminis
938 4364 1084 4414 detrimenti
1105 4364 1198 4429 capiat.
1230 4362 1319 4413 Totius
1339 4363 1479 4425 allegoriae

308 4457 312 4461 -
353 4433 537 4483 undeuicesimi
565 4433 626 4482 libri
655 4433 730 4499 primi
761 4432 894 4483 declarare
938 4430 1479 4496 (t-t)taecntseat:uirgatibiuttacta

353 4509 457 4551 conatus
483 4516 549 4550 sum.
580 4500 619 4549 llx
644 4502 696 4551 illis
720 4501 795 4551 simul
842 4507 896 4550 atet
937 4500 1098 4550 matrimonio
1117 4499 1225 4549 nondum
1237 4505 1405 4558 maturant,
1425 4497 1480 4547 siue
1568 4512 1571 4517 ·

354 4568 494 4619 hauooden
505 4570 666 4619 annuum
677 4572 712 4633 (a.
723 4568 826 4618 Cirr.30
851 4583 895 4617 ua·
938 4568 1025 4618 munia
1048 4569 1137 4616 uxoris
1161 4574 1261 4631 spectas
1285 4566 1339 4615 aius
1362 4580 1480 4614 concura-

353 4644 402 4686 tam
414 4653 485 4689 esse.
939 4636 1014 4685 bendi
1029 4635 1247 4685 cousuetudinem.
