3884 5525
697 1202 739 1284 Q.
759 1201 939 1273 HORATll
959 1203 1115 1274 FLACCl

604 1362 1209 1477 CARMINVM

774 1555 871 1606 LIBER
889 1557 1036 1607 TERTIVS.

892 1797 920 1857 1.

552 1942 612 2008 Oti
627 1946 793 2021 proterium
808 1948 972 2026 uulgaret
988 1963 1092 2010 arceo.

551 2056 656 2118 tenete
671 2057 807 2134 linguis:
825 2059 964 2121 carmina
982 2073 1043 2120 non
1059 2060 1147 2136 prius

408 2210 446 2259 Ad
459 2209 564 2261 eborum
576 2211 703 2274 uirginum
716 2220 742 2262 et
754 2221 899 2278 puerorum.
918 2211 987 2264 Meti
997 2219 1047 2264 cet.
1058 2215 1092 2264 A.
1192 2213 1224 2264 ad
1237 2215 1328 2264 eboros
1341 2211 1468 2277 uirginum

344 2285 368 2328 et
379 2279 554 2344 puellarumB
566 2283 593 2329 in
606 2281 706 2331 descire
715 2283 884 2347 partesciii.
967 2283 1006 2332 Ad
1020 2283 1110 2334 choros
1123 2281 1249 2348 uirginum
1263 2290 1289 2332 et
1301 2283 1412 2332 uirorum
1422 2281 1456 2331 il.

342 2347 455 2398 indoctos
468 2349 614 2398 detestatur
626 2357 652 2399 et
665 2358 851 2416 contemptores
864 2351 988 2416 sapientie
999 2367 1029 2416 g.

409 2417 433 2466 l.
452 2418 597 2467 Diomedes
615 2417 734 2483 111371,
759 2419 874 2470 Mallius
889 2419 1046 2470 Theodorus
1066 2418 1137 2467 tta.
1219 2416 1280 2484 odi]
1300 2418 1325 2467 (li
1345 2417 1466 2480 (omissa,

342 2485 468 2603 ptppiet,
491 2485 584 2538 littera
600 2490 696 2552 prima
714 2487 842 2552 odarum)
856 2487 887 2539 G.
994 2487 1082 2537 2-3.
1102 2485 1214 2537 Seruius
1233 2487 1269 2536 ud
1282 2486 1384 2551 Vergil.
1399 2486 1466 2536 Aen.

389 2722 477 2774 Caum.
499 2722 519 2774 l.
547 2723 716 2777 Prooemium.
751 2727 883 2779 Carmine
925 2724 1143 2793 etsartitadine,
1160 2724 1469 2788 leiustitr‘aetsapien·

340 2829 389 2863 uon
404 2817 487 2879 prius
506 2816 603 2866 auditu
621 2822 712 2867 canto.
739 2816 800 2869 Non
819 2834 882 2885 opes
926 2800 986 2855 Μ»
1007 2796 1054 2846 ¹²⁰⁰
1076 2802 1131 2857 0⁸⁸2
1154 2794 1185 2843 ἀΰ
1207 2800 1326 2858 l¹¹⁸tl¹¹⁰¹¹
1344 2792 1468 2841 “limium

927 2864 1015 2915 lormis
1028 2878 1091 2929 quas
1105 2878 1119 2913 u
1133 2861 1241 2912 Graecis
1253 2861 1405 2911 constitutos
1419 2858 1469 2909 llo·

925 2934 993 2983 nuni
1007 2934 1202 2997 adoptuuerant,
1217 2944 1274 2980 rura
1288 2928 1405 2979 lacuutliu
1417 2928 1469 2993 pri-

341 2994 521 3057 trauqailium
535 2997 655 3045 unimam
670 2996 737 3045 aare
747 3002 881 3061 possunt:
925 3003 975 3051 mis
989 2994 1109 3066 qnaituor
1120 3000 1277 3049 carminibus
1293 2997 1396 3049 cecinit.
1417 2996 1468 3046 Setl

340 3099 390 3132 unu
416 3087 599 3150 temperantis
627 3098 675 3134 uos
699 3088 791 3135 uiuere
815 3088 885 3135 sinit
925 3065 1466 3146 llfflflfflfflilllP⁰VSU⁰⁵⁰mh⁰⁰hflb5l0ls

925 3147 1029 3203 praeter
1041 3146 1139 3188 artesa
1156 3154 1183 3189 se
1202 3138 1320 3187 laudatas
1338 3136 1370 3185 aa
1389 3142 1468 3184 uatum

925 3208 1027 3257 beatam
1052 3207 1114 3256 nibil
1139 3206 1219 3270 magis
1248 3206 1364 3256 conlerre
1394 3217 1468 3268 quam

340 3262 484 3325 Alesicum)
925 3291 1036 3326 amorem
1055 3276 1155 3342 patriae
1178 3284 1204 3325 et
1223 3290 1285 3338 erge
1307 3274 1367 3323 deca
1388 3273 1469 3338 pietu-

925 3352 992 3407 tem,
1011 3346 1074 3395 bueo
1093 3352 1219 3408 tamquam
1233 3345 1357 3394 uirtutum
1370 3341 1469 3406 supple·

389 3409 427 3459 De
448 3410 583 3461 occasione
601 3413 756 3476 carminum,
777 3428 842 3478 quse
855 3415 882 3464 iu
926 3422 1010 3463 meatu
1029 3415 1115 3478 quinto
1134 3414 1190 3463 loco
1206 3420 1329 3478 sextaque
1342 3408 1468 3461 cantanda

338 3478 459 3543 principio
472 3479 532 3527 libri
546 3480 616 3530 tertii
629 3481 676 3530 sub
689 3484 801 3531 numeris
816 3484 882 3532 t-6
925 3483 1049 3547 suscepit.

339 3547 463 3597 collocuta
493 3555 553 3598 sunt
582 3556 609 3599 et
631 3551 757 3599 communi
779 3551 882 3601 uinculo
977 3549 1086 3615 Tempus
1105 3550 1245 3600 carminum
1265 3544 1468 3597 illorumexbis

339 3616 510 3677 continentur,
525 3618 556 3665 ud
570 3618 633 3667 oden
647 3618 707 3667 libri
720 3619 792 3684 primi
806 3620 883 3671 trice·
925 3620 992 3668 uotis
1005 3620 1103 3667 discere
1117 3618 1187 3666 licet.
1204 3616 1229 3665 ln
1241 3623 1330 3681 quarto
1341 3620 1466 3679 poemate,

339 3683 425 3733 simum
444 3686 599 3748 secuudum,
618 3702 692 3751 quam
714 3703 772 3737 esse
794 3689 881 3738 borani
925 3703 974 3751 quc
987 3686 1097 3750 prudens
1113 3685 1245 3733 consilium
1259 3685 1316 3733 siue
1331 3683 1468 3745 snpientia

338 3754 477 3803 carminum
490 3755 646 3819 prooemium
658 3756 783 3819 uidimus,
804 3772 882 3821 erpo·
925 3754 1086 3815 celebratur,
1113 3752 1177 3801 baec
1200 3753 1284 3800 uirtus
1306 3752 1331 3798 in
1355 3749 1467 3797 Caesare

338 3820 411 3871 sitnm
425 3829 475 3871 est.
490 3820 564 3872 Nunc
574 3824 707 3873 dicentium
718 3832 810 3886 restat,
821 3826 881 3890 quid
924 3822 1067 3873 Octauiano
1088 3819 1126 3869 sio
1146 3820 1309 3881 agnoscitur:
1332 3832 1382 3865 uos
1400 3814 1468 3879 (blu-

341 2908 390 2953 uat
398 2918 501 2968 genus,
521 2919 573 2953 uon
589 2909 687 2970 gratia
699 2912 749 2957 eut
757 2911 882 2973 potentia

339 3175 395 3222 siue
426 3176 525 3223 tiroma
550 3179 576 3223 et
600 3174 731 3240 cupidine.
763 3174 882 3239 (Metram

250 3930 254 3946 ,
338 3888 435 3940 allicere
445 3898 474 3941 et
485 3898 618 3955 praestare
628 3893 740 3942 uoluerit
750 3893 880 3956 llcratius,
923 3891 980 3955 sue)
1008 3891 1151 3940 Caesarem
1175 3889 1275 3949 altam,
1305 3886 1408 3935 militie
1431 3886 1469 3932 si-

339 3973 391 4008 cum
412 3960 478 4008 bueo
499 3975 650 4025 componere
671 3976 810 4023 aggressus
830 3970 880 4024 est,
924 3959 1081 4023 muisesros
1095 3959 1218 4007 cohortes
1232 3954 1340 4004 abdidit
1352 3953 1467 4019 oppidis,

338 4034 364 4076 et
381 4043 430 4091 quo
449 4034 564 4092 tempore
584 4029 615 4077 ad
634 4044 695 4093 opus
715 4031 747 4079 ub
767 4029 881 4093 Augusto
917 4031 1004 4093 finire
1016 4032 1188 4093 quaerentem
1204 4025 1309 4073 labores
1322 4024 1411 4073 Pierio
1425 4036 1468 4071 re-

337 4095 376 4144 uel
387 4094 538 4145 Maecenate
550 4097 760 4162 postulatum(el.
773 4097 879 4166 attan)
925 4099 1025 4147 creatis
1063 4100 1152 4145 aratro.
1191 4092 1302 4158 Quorum
1332 4091 1467 4141 uerborum

337 4164 487 4214 accesserit.
502 4163 581 4214 Poeta
595 4167 641 4214 boc
653 4175 758 4216 secutus
770 4175 811 4215 est
824 4182 881 4231 pro·
925 4167 1011 4232 priora
1036 4164 1175 4229 respiciunt
1197 4169 1298 4211 ueteres
1319 4160 1413 4209 milites
1435 4157 1468 4207 ab

338 4232 460 4296 positum,
484 4233 883 4298 utpapulollomuuocludeset
926 4233 1069 4283 Octauiano
1094 4234 1119 4281 in
1147 4231 1246 4281 ltaliam
1272 4229 1358 4279 sextili
1382 4241 1468 4278 mense

339 4300 444 4362 amna,
464 4317 530 4366 quae
549 4302 658 4368 plurima
672 4304 755 4353 adbuc
768 4304 812 4353 ille
825 4319 883 4369 per·
925 4303 986 4353 unni
1000 4302 1047 4351 725
1062 4315 1165 4351 reuerso
1179 4299 1203 4349 in
1221 4298 1333 4347 colonias
1352 4304 1397 4346 ant
1416 4311 1469 4343 mu-

339 4384 425 4432 pesans
447 4377 505 4432 est,
524 4370 549 4419 in
571 4369 684 4421 futurum
704 4370 834 4435 effugienti
856 4379 882 4421 et
926 4372 1020 4437 nicipie
1044 4370 1180 4432 dimissos,
1206 4365 1389 4430 subsequentia
1413 4378 1469 4427 spe-

338 4437 415 4487 uitum
445 4438 587 4489 beatiorem
616 4441 729 4506 cupienti
756 4441 881 4491 uirtutum
925 4447 997 4490 etant
1018 4439 1050 4489 ad
1073 4438 1160 4488 nedem
1182 4434 1308 4501 Apollinis
1330 4448 1395 4481 annu
1418 4432 1468 4481 726

340 4520 409 4556 omne
429 4523 512 4569 genas
530 4510 733 4572 commendaret,
752 4510 882 4559 contraria
925 4509 1086 4568 dedicatum,
1107 4506 1287 4555 bibliothecam
1301 4500 1424 4551 Graecam
1438 4514 1468 4548 ae

340 4574 400 4624 uitia
418 4577 574 4640 exagitaret.
602 4576 673 4642 Quod
692 4585 722 4628 ut
739 4578 839 4628 mtioue
857 4585 883 4627 et
925 4576 1044 4626 Latinum
1068 4576 1156 4625 eodem
1181 4589 1247 4624 anuo
1272 4570 1400 4631 additam,
1432 4566 1466 4617 ci.

339 4642 380 4692 uis
403 4653 623 4710 consequeretur,
647 4647 678 4697 ale
699 4650 882 4711 temperantia
925 4644 1084 4695 Prooemium
1105 4643 1115 4694 l
1135 4644 1177 4694 31.
1205 4642 1293 4707 ltaque
1311 4638 1375 4689 oden
1394 4650 1470 4702 quar·
