3884 5525
431 628 492 689 iot
924 619 1062 672 uonnru

533 795 674 876 pulueris
690 792 797 869 exigui
813 805 909 868 prope
923 791 1000 854 litus
1015 807 1114 869 parua
1128 789 1284 854 Matinum
1319 783 1323 794 ’

535 922 678 983 munera,
697 904 934 992 necquicquam
950 903 1007 964 tibi
1023 903 1149 979 prodest

428 1079 443 1127 5
538 1063 641 1124 aerias
656 1063 825 1135 temptasse
841 1057 948 1117 domos
964 1057 1129 1132 animoque
1145 1055 1312 1118 rotundum

535 1173 730 1250 percurrisse
745 1168 850 1245 polum
867 1168 1027 1230 morituro.

533 1327 648 1388 occidit
662 1330 695 1386 et
708 1322 834 1399 Pelopis
848 1323 985 1399 genitor,
1004 1323 1138 1384 conuiua
1156 1321 1294 1398 deorum,

534 1436 754 1512 Tithonusque
768 1437 908 1496 remotus
923 1433 954 1494 in
971 1447 1068 1496 auras

494 1583 520 1632 3.
540 1583 609 1650 lytus
621 1583 655 1644 H,
675 1581 729 1632 lati
741 1581 775 1631 A.
879 1581 905 1629 4.
927 1579 1249 1644 nectibiquiequamAG.
1356 1579 1381 1627 5.
1401 1593 1491 1628 aereas
1504 1577 1538 1628 A.

426 1651 451 1701 8.
471 1649 654 1718 Tytbonnsque
669 1651 700 1714 B,
721 1650 898 1714 Thilonusque
914 1649 945 1699 G.
960 1693 965 1704 ,

425 1788 467 1854 qui
487 1803 519 1836 ex
539 1787 674 1852 Apollonia
694 1787 799 1855 illyriae
816 1786 907 1852 oppido
927 1787 969 1836 nel
1012 1784 1176 1836 rotOrellins
1189 1787 1224 1847 (h.
1237 1785 1254 1836 l.
1267 1792 1291 1834 et
1302 1786 1332 1834 ad
1344 1785 1428 1835 Caum.
1442 1783 1473 1834 lll
1486 1784 1500 1832 2
1512 1785 1555 1846 27,

424 1872 457 1906 ex
476 1857 528 1906 alia
547 1857 604 1906 eins
622 1873 684 1906 orac
703 1858 810 1906 ciuitate
828 1853 968 1906 Tarentum
1012 1856 1043 1904 ad
1058 1854 1139 1920 Epod.
1156 1855 1186 1904 16
1201 1855 1261 1914 28):
1279 1849 1401 1904 ‘Matinus
1416 1869 1487 1902 mons
1500 1854 1556 1902 siue

424 1925 554 1974 rediturus
580 1925 606 1974 iu
631 1941 661 1974 eo
686 1925 779 1974 itinere
803 1940 880 1989 prope
906 1925 968 1973 litus
1011 1924 1207 1988 promontorium
1229 1939 1307 1988 prope
1326 1923 1430 1972 radices
1442 1919 1555 1983 Gargani

423 1993 553 2059 lllyrieum
568 1993 702 2055 naufragio
716 1993 838 2058 perierit,
858 2008 916 2041 mox
930 1993 969 2041 in·
1012 1993 1105 2041 montis
1119 1993 1143 2040 in
1157 1991 1269 2056 Apuliae
1285 1992 1375 2054 litore,
1395 2005 1460 2039 nunc
1472 1991 1558 2040 Mati·

423 2063 542 2111 bumatus
562 2069 588 2110 et
607 2063 702 2126 quietis
721 2062 786 2127 apud
806 2061 904 2111 inferos
923 2076 968 2110 ex·
1011 2055 1095 2110 naia’.
1116 2061 1164 2110 Hic
1182 2069 1208 2110 et
1228 2067 1318 2109 auctor
1335 2061 1391 2109 eius
1408 2059 1559 2109 Romanelle‘

423 2145 481 2195 pers
503 2131 528 2178 iu
553 2130 607 2178 solo
631 2131 715 2195 patrio
741 2131 811 2179 horis
837 2131 968 2180 nocturnis
1011 2127 1174 2194 (Topograiia
1195 2130 1235 2178 del
1256 2145 1333 2192 regno
1349 2129 1372 2178 di
1388 2126 1479 2192 Napoli
1498 2135 1517 2177 t.
1535 2127 1554 2176 ll

423 2199 512 2262 uagari
527 2198 611 2247 dictus
624 2200 667 2249 sii.
695 2198 811 2260 Flaccus,
826 2201 913 2258 eredo,
928 2215 968 2247 re·
1011 2214 1035 2263 p.
1051 2198 1112 2260 209)
1128 2206 1266 2263 prouocnnt
1281 2199 1312 2246 ad
1326 2197 1422 2246 Lucani
1437 2196 1553 2246 Pbarsal.

423 2267 573 2332 spexltrem
587 2268 722 2317 multorum
735 2268 894 2317 sermonibus
907 2276 967 2318 tnnc
1011 2265 1044 2315 Vl
1050 2266 1083 2316 ΙΙΙ
1097 2267 1158 2316 183:
1170 2270 1209 2316 aie
1218 2268 1301 2316 abi—
1310 2281 1442 2314 recantare
1450 2281 1556 2330 param

423 2336 449 2384 in
464 2335 525 2384 urbe
537 2334 677 2385 Tarentina
691 2337 831 2400 uulgatum,
845 2352 900 2385 eum
914 2337 967 2402 ipse
1012 2336 1138 2385 hibernas
1159 2336 1264 2401 Apulus
1282 2336 1379 2384 herhas
1397 2338 1459 2399 igne
1472 2335 1558 2398 fouet

422 2402 598 2454 Maecenatem
611 2405 783 2467 Brundisium,
800 2420 859 2454 mox
870 2403 968 2457 Taren·
1012 2409 1117 2466 terras,
1137 2405 1221 2453 simul
1238 2409 1265 2453 ct
1278 2403 1420 2469 Garganus
1440 2408 1467 2452 et
1484 2418 1555 2452 araca

336 2488 342 2500 ·
422 2479 475 2522 tum
497 2472 635 2523 comitatus
656 2481 696 2523 est
717 2489 784 2524 anno
806 2474 865 2523 717.
891 2473 965 2524 Coui.
1012 2473 1139 2524 Vulturis
1167 2478 1194 2521 et
1224 2473 1311 2522 calidi
1336 2473 1431 2533 ⁸tricent
1459 2472 1555 2520 buceta

422 2542 555 2593 annotatio
574 2541 605 2590 ad
625 2541 707 2592 Serm.
731 2542 740 2592 l
764 2545 779 2593 5
804 2544 867 2607 104,
888 2544 966 2594 etiam
1010 2541 1128 2603 Matini;
1159 2541 1203 2590 sed
1232 2543 1257 2590 iu
1282 2541 1321 2589 his
1347 2541 1416 2589 nulla
1440 2537 1554 2602 Gargani

422 2611 453 2659 ad
471 2609 556 2661 Carm.
580 2609 600 2660 ll
623 2611 648 2660 6.
680 2611 768 2676 ltaque
793 2612 840 2660 hoc
864 2627 966 2661 carmen
987 2649 993 2660 .
1011 2611 1103 2659 montis
1123 2617 1149 2658 et
1162 2609 1253 2659 Matini
1273 2609 1369 2658 uicinia
1382 2609 1553 2672 significatur,

422 2693 447 2727 a.
467 2679 516 2728 718
537 2681 573 2742 (a.
593 2677 655 2729 Chr.
677 2680 721 2745 36)
748 2689 834 2730 natum
858 2695 916 2729 esse
940 2688 967 2730 et
1011 2693 1161 2744 quamquam
1187 2679 1218 2728 ad
1242 2679 1358 2744 Apuliam
1372 2676 1494 2727 diutinus
1519 2677 1554 2726 ibi

421 2747 510 2813 primis
529 2748 561 2798 ab
575 2747 682 2799 Horatio
700 2749 776 2800 editis
796 2765 967 2800 annumeran·
1010 2748 1131 2798 relertur.
1163 2746 1256 2799 Verum
1275 2747 1383 2812 Apuliae
1404 2747 1461 2797 linis
1480 2747 1556 2797 meri-

422 2817 479 2866 dum
492 2818 645 2882 putauerim.
1011 2815 1101 2867 dianus
1120 2834 1168 2867 non
1187 2817 1275 2883 procul
1287 2824 1326 2865 est
1345 2815 1502 2878 aTarento,
1524 2832 1554 2865 ac

407 2924 409 2928 «
475 2886 561 2935 1-2.
596 2892 621 2935 te
643 2891 964 2937 maria-mensorem:
1010 2884 1124 2935 Mutinus
1144 2887 1168 2935 in
1182 2886 1273 2950 Apulis
1292 2885 1416 2949 iucipiens
1436 2886 1462 2934 in
1477 2884 1555 2935 Cala·

342 2985 346 2991 ·
422 2956 550 3019 componit
577 2958 750 3025 γεωμέτρην,
776 2956 818 3021 qui
849 2957 965 3019 ingentes
1010 2954 1085 3017 bros,
1105 2952 1248 3019 in‘quornm
1261 2969 1324 3015 agro
1335 2952 1473 3003 Tarentum
1486 2954 1555 3020 posi·

421 3029 506 3072 terrae
525 3024 615 3088 plagas
635 3032 661 3073 et
675 3026 754 3074 maris
767 3032 866 3075 tractus
879 3041 965 3075 emen·
1009 3029 1061 3071 tum
1086 3030 1134 3078 est,
1161 3024 1298 3087 procurrit.
1325 3022 1378 3072 Hoc
1400 3024 1459 3073 inde
1481 3023 1554 3072 colli-

338 3109 354 3137 s·
421 3106 465 3139 sus
479 3091 674 3155 liberriineque‚
688 3093 808 3157 quamdiu
821 3095 896 3162 uixit,
911 3093 965 3143 ani·
1009 3092 1087 3153 gitur,
1100 3091 1167 3155 'quod
1178 3092 1305 3158 Archytas
1319 3092 1386 3141 ciuis
1397 3090 1553 3141 Tarentinus

420 3173 459 3207 mo
474 3173 520 3207 suo
533 3174 579 3223 per
590 3162 688 3208 eaelum
701 3168 809 3222 uagatus
829 3169 887 3224 est,
908 3176 964 3210 cum
1004 3174 1092 3226 prope
1111 3160 1175 3209 litas
1194 3160 1331 3209 Mutinam
1356 3162 1470 3225 sepultus
1495 3176 1553 3210 esse

420 3227 512 3289 exiguo
534 3227 639 3291 tumulo,
656 3242 704 3291 quo
722 3228 772 3276 iam
784 3237 842 3291 post
858 3237 964 3278 mortem
1009 3228 1121 3287 dicitur,
1143 3236 1168 3277 et
1181 3230 1246 3292 quod
1261 3236 1339 3279 nauta
1352 3228 1507 3279 Tarentinus
1520 3244 1553 3279 ex

421 3294 575 3345 cohibetur.‘
1008 3303 1081 3363 portu
1100 3295 1207 3347 Tarenti
1230 3312 1321 3347 nauem
1342 3299 1442 3347 soluere
1466 3298 1553 3363 perhi-

472 3362 560 3411 3-4.
581 3362 754 3427 pulueris-
766 3379 894 3413 manera:
908 3358 964 3414 ‘su-
1008 3366 1083 3415 betur
1096 3366 1133 3430 (n.
1145 3366 1198 3427 29).
1213 3366 1295 3416 Acron
1310 3366 1551 3431 quoqueMatinum

420 3446 507 3496 prema
531 3438 685 3481 mortuorum
710 3447 815 3481 munera
841 3433 964 3497 (tumulus
1009 3450 1024 3483 u
1045 3433 1147 3484 Lucano
1168 3436 1321 3485 nominatum
1342 3434 1474 3495 Calabris,
1503 3451 1551 3483 non

420 3500 541 3561 exignus)
561 3500 585 3548 in
610 3501 665 3549 solo
684 3499 823 3550 Tarentino
848 3508 875 3551 te
894 3503 964 3551 cohi·
1007 3503 1113 3568 Apulis,
1134 3505 1294 3554 uindicauit=
1322 3519 1378 3553 nam
1399 3504 1429 3552 ad
1450 3503 1551 3553 Horatii

419 3562 498 3617 bent'.
535 3566 630 3617 Mortui
661 3570 790 3636 Archytae
820 3572 962 3636 sepulcrum
1007 3573 1088 3621 uerba
1101 3572 1223 3637 (Carini
1244 3574 1274 3622 31
1296 3574 1323 3636 5)
1343 3577 1485 3622 aestuosae
1499 3573 1553 3622 Ca-

419 3637 474 3687 sine
487 3638 610 3687 tumulum
627 3638 731 3688 uocauit
746 3654 836 3702 parua
849 3655 963 3689 manera
1008 3641 1112 3691 lubrice
1125 3647 1248 3691 armenia
1260 3641 1407 3691 annotanit:
1419 3634 1551 3688 ‘aestuosa

414 3706 539 3771 pulueris
558 3709 661 3772 aaagai.
688 3706 784 3757 Errant
802 3708 846 3772 qui
866 3709 897 3757 de
914 3709 964 3759 llr·
1008 3710 1074 3759 enim
1088 3712 1159 3774 regio
1172 3718 1212 3760 est
1224 3711 1307 3774 aptior
1318 3707 1414 3773 pecori,
1427 3714 1454 3755 ut
1467 3706 1552 3755 calidi

419 3775 510 3841 chytae
524 3791 629 3841 corpore
641 3776 784 3826 inhumato
794 3777 962 3841 hariolantur,
1008 3778 1100 3828 Iacent
1118 3782 1212 3829 buceta
1228 3771 1346 3827 Matini.
1366 3774 1473 3823 Perinde
1487 3772 1549 3822 Por-

418 3843 449 3891 de
472 3843 605 3907 naufragio
629 3844 713 3894 nescio
734 3860 783 3909 qno
803 3846 861 3895 boni
880 3847 964 3911 philo·
1006 3841 1549 3913 phyrionadldpod.1628blatinum0a-

418 3912 489 3976 snpbi
508 3914 673 3962 somniantes.
692 3914 830 3981 Archytam
843 3913 963 3965 Tarenti*
1007 3917 1112 3964 lubrice
1130 3920 1246 3964 montem
1265 3911 1377 3961 uocauit.
1397 3910 1434 3959 Eo
1448 3912 1550 3962 accedit

419 3995 476 4029 num
490 3978 597 4030 Tarenti
611 3982 737 4046 sepultum
753 3983 866 4033 iacuisse
879 3992 905 4033 et
917 4000 963 4049 per
1006 3984 1070 4048 quod
1085 3999 1162 4045 apem
1176 3982 1309 4030 dictinum
1324 3978 1462 4029 Calabriae
1477 3995 1549 4046 apem

418 4064 446 4097 se
464 4049 604 4098 uerisimile
623 4058 680 4113 est,
705 4066 786 4115 neque
805 4053 961 4102 eontrarium
1005 4053 1047 4100 uel
1065 4050 1228 4100 Tarentinam
1250 4047 1369 4097 Horatius
1392 4048 1547 4099 nominauit:

417 4116 512 4166 alicubi
531 4117 656 4181 proditum
674 4126 723 4169 est.
745 4120 837 4169 Strabo
852 4119 872 4169 V
877 4120 883 4169 l
899 4120 914 4169 3
927 4122 959 4169 4:
1005 4119 1049 4169 ille
1059 4119 1124 4168 enim
1136 4116 1184 4167 llll
1198 4117 1213 4165 2
1227 4117 1258 4165 27
1273 4121 1332 4180 apis
1343 4117 1464 4166 Matinae
1474 4133 1549 4167 more

417 4179 589 4243 ἀπεδέξαντὸ
610 4186 648 4249 (οἱ
668 4190 847 4253 Ταραντῖνοι)
866 4187 896 4238 dl
913 4189 961 4238 καὶ
1004 4187 1137 4251 modoque
1168 4192 1253 4250 grata
1286 4190 1422 4250 carpentis
1454 4188 1547 4253 thyma

335 4308 350 4331 κ
418 4247 468 4316 τὴν
481 4248 679 4320 Πυθαγόρειον
691 4257 876 4322 φιλοσοφίαν,
896 4254 960 4305 δια·
1004 4255 1120 4320 scripsit;
1139 4254 1204 4303 idem
1219 4253 1251 4303 lll
1266 4254 1297 4305 16
1311 4254 1343 4303 33
1358 4255 1442 4321 posuit
1455 4271 1548 4319 quarn·

417 4316 560 4389 φερόντως
578 4317 602 4373 d⁹
615 4317 762 4390 Ἀρχύτας,
780 4318 811 4381 ὃς
827 4325 875 4374 καὶ
886 4341 960 4388 προ·
1004 4338 1086 4388 qaam
1114 4338 1163 4372 nee
1188 4324 1323 4375 Calabrae
1347 4324 1427 4373 mella
1445 4324 1547 4388 serunt

416 4392 483 4455 ἔστη
516 4392 566 4455 τῆς
595 4387 703 4451 πόλεως
732 4389 820 4443 πολὺν
844 4387 958 4459 χρόνον.
1003 4408 1078 4456 apes,
1097 4390 1255 4442 ticianae·
1269 4389 1304 4459 (in
1319 4406 1380 4455 agro
1393 4390 1547 4452 Tarentino)

415 4460 487 4510 Adde
507 4460 627 4524 Diogenis
641 4461 729 4512 Laert.
743 4460 801 4511 Vlll
819 4477 843 4510 e.
856 4462 882 4511 4.
908 4459 958 4510 Sed
1003 4466 1057 4510 hon
1073 4460 1200 4527 Hymetto
1219 4462 1301 4511 ansila
1321 4461 1470 4522 decedam
1489 4475 1548 4509 eon-

416 4529 550 4593 qnaeritur
564 4545 650 4595 prope
669 4530 734 4579 titas
746 4529 881 4579 Matinum
900 4544 958 4579 num
1004 4528 1103 4578 feratur
1123 4526 1206 4580 Varro
1231 4531 1297 4596 apud
1321 4528 1477 4580 Macrobium
1502 4526 1547 4583 Sa,-

415 4597 503 4647 ualere
531 4598 615 4663 possit
642 4600 670 4645 in
700 4612 769 4659 agro
801 4596 956 4648 Tarentino.
1003 4605 1072 4647 turn.
1093 4596 1114 4648 ll
1135 4598 1183 4649 12:
1204 4598 1241 4649 ad
1252 4602 1357 4649 nictum
1370 4601 1473 4664 optima
1483 4599 1548 4661 sert

414 4662 470 4714 Nou
482 4672 587 4731 posset,
602 4666 625 4715 si
638 4678 725 4714 nerum
738 4671 808 4715 esset
821 4666 885 4729 quod
899 4682 959 4717 aar·
1003 4682 1070 4732 agar
1083 4666 1433 4734 Campanmsramentam‚
1453 4665 1545 4715 Faler-
