3884 5525
235 1750 255 1778 d

758 647 937 700 conditivis
955 649 991 700 itt
1012 650 1036 700 i.

538 822 588 880 est
602 822 638 880 ut
653 819 723 882 uiro
738 819 790 882 nir
804 820 900 882 iatius
914 819 1039 882 ordinet

538 931 666 992 arbusta
682 930 792 1007 sulcis,
808 931 860 992 iric
875 931 1060 1008 generosior

538 1040 705 1102 descendat
720 1041 910 1117 incampnm
925 1043 1050 1118 petitor,

539 1153 678 1213 moritus
693 1152 744 1212 laic
758 1152 930 1227 meliorque
945 1153 1029 1214 tama

539 1304 717 1380 contendat,
735 1304 782 1365 1111
797 1290 888 1365 tortia
904 1305 1065 1366 clientium

540 1414 582 1475 sit
596 1415 713 1474 maior:
731 1429 831 1490 aequa
846 1416 916 1492 tege
929 1413 1116 1478 Necessitas

540 1525 672 1586 sortitur
685 1525 828 1602 insignes
844 1530 876 1587 et
889 1527 981 1604 imos,

539 1649 630 1696 omne
644 1650 744 1712 capax
759 1641 866 1698 mouet
880 1651 959 1698 orna
975 1651 1098 1698 nomen.

401 1789 573 1840 9.iaeinst1.
645 1788 748 1839 ordinat
758 1791 793 1840 A.
901 1792 942 1842 11.
963 1789 1100 1842 Descendit
1113 1789 1145 1840 11.

338 1943 398 2008 qnod
421 1943 496 2008 plena
517 1936 667 2011 αὐτάρκεια
689 1949 716 1992 et
734 1942 827 1992 infimis
848 1950 875 1993 et
918 1961 965 2010 que
979 1945 1112 1994 nobilitate
1125 1942 1306 2010 praestantior,
1317 1957 1367 2008 qna
1377 1941 1459 1992 fretus

338 2011 435 2061 summis
448 2012 566 2076 adempta
579 2017 655 2075 atque
668 2012 712 2060 nni
725 2010 779 2061 loni
792 2027 876 2062 reser-
918 2015 1026 2064 bonores
1039 2014 1113 2080 petit.

337 2087 393 2130 Μ
406 2087 454 2129 θθῑ·
970 2098 1013 2147 11.
1037 2098 1187 2148 ‘descendet
1203 2101 1232 2148 in
1251 2113 1374 2162 eampum
1390 2100 1461 2162 peti-

383 2165 408 2214 5.
434 2180 531 2230 regum
549 2191 585 2202 —
600 2179 715 2229 greges:
742 2181 816 2229 reges
836 2166 875 2214 in·
919 2172 980 2216 tor:
999 2167 1063 2216 seito
1082 2166 1241 2228 descendat,·
1259 2166 1382 2231 siquidem
1401 2181 1461 2216 cen-

336 2233 431 2297 teliegit
443 2233 570 2299 principes
582 2231 705 2297 Orientis,
721 2233 763 2299 qni
776 2249 824 2282 non
838 2234 876 2283 ie·
918 2235 1020 2284 didatus
1038 2249 1129 2298 magno
1148 2235 1270 2284 comitatu
1288 2235 1419 2284 clientium
1434 2241 1460 2284 et

307 2303 317 2323 ⁸
336 2302 406 2366 gibrm
421 2302 560 2367 imperant,
582 2301 626 2351 sed
645 2317 690 2366 pro
710 2301 817 2350 arbitrio
830 2303 875 2351 do·
918 2304 1055 2353 amicorum
1076 2318 1107 2352 ex
1128 2303 1200 2352 domo
1219 2303 1243 2351 in
1263 2318 1377 2369 campum
1391 2301 1461 2352 Mar-

334 2371 476 2433 minantnr3
501 2371 561 2420 inde
582 2371 670 2419 horum
691 2370 795 2434 imperio
816 2371 875 2420 sub-
917 2372 981 2421 tinm
994 2387 1021 2421 se
1035 2370 1152 2421 conferre
1165 2371 1265 2420 solebat
1275 2371 1383 2420 honores
1396 2371 1461 2435 peti-

335 2439 411 2488 iectos
424 2439 676 2504 uocauit·prcpre'os
690 2453 803 2502 greges,
825 2455 874 2488 non
917 2447 1001 2489 turns.
1021 2437 1123 2488 Veteris
1143 2439 1179 2488 rei
1192 2439 1310 2503 publicae
1324 2440 1422 2504 species
1435 2439 1460 2487 in

334 2507 471 2572 respiciens
492 2523 577 2570 regem
597 2506 639 2572 qui
659 2505 730 2556 ionet
747 2514 773 2556 et
792 2507 875 2573 pascit
917 2507 1113 2570 magistratibus
1124 2507 1264 2556 ambiendis
1274 2507 1404 2556 etiamtum
1418 2506 1461 2555 ob-

334 2576 380 2625 sibi
398 2582 519 2640 parentes
532 2576 664 2643 (ποιμένα
676 2575 780 2638 λαῶν),
801 2591 874 2640 quem
918 2577 1080 2626 seruabatur.
1097 2574 1202 2624 Sueten.
1218 2575 1282 2638 Aug.
1297 2591 1320 2623 c.
1330 2575 1380 2624 56:
1395 2590 1459 2640 quo·

334 2659 464 2711 perperam
489 2643 643 2709 interpretes
664 2643 689 2692 i.
710 2643 729 2692 1.
755 2643 876 2692 adtribue·
919 2649 987 2695 tiene
1004 2647 1218 2708 magistratuum
1239 2646 1358 2692 comitiis
1378 2646 1461 2692 inter-

334 2721 408 2777 rnnt,
429 2712 474 2762 sed
493 2712 535 2777 qni
555 2712 653 2763 infinita
665 2712 780 2777 potentie
792 2711 876 2763 seruis
919 2718 1004 2777 esset,
1032 2715 1119 2763 tritus
1143 2727 1204 2761 cum
1229 2711 1462 2761 condiderimus

334 2782 463 2847 imperitat
481 2782 570 2847 hisque
588 2782 670 2831 utitur
682 2788 809 2847 tamqnam
822 2782 875 2831 suis
919 2778 1462 2847 circumiboteoppltcntatquemoretol-

335 2852 493 2917 (prcprie'e).
919 2852 1007 2900 lemni.
1036 2850 1152 2899 Ferebat
1170 2854 1199 2899 et
1218 2852 1275 2914 ipse
1296 2851 1460 2915 suffragium

383 2935 462 2985 7-8,
490 2935 875 2999 ,parf-mouen15359mq,
918 2918 1355 2983 intridudueutuoueopopelo.

334 3005 376 3054 sed
390 3004 515 3067 grauibus
534 3004 620 3053 uerbis
635 3004 795 3053 maiestatem
808 3003 876 3053 Ionis
973 3004 1013 3053 12.
1027 3005 1148 3053 moribus
1159 3006 1200 3051 tic
1209 3002 1460 3067 meliorqoefama:

334 3073 467 3122 indicauit.
493 3071 573 3122 tinius
594 3072 727 3137 imperinm
750 3071 875 3121 infinitum
919 3072 986 3122 alins
999 3072 1029 3121 de
1043 3072 1138 3121 honore
1151 3086 1206 3121 cnm
1221 3070 1366 3133 contendit,
1386 3070 1462 3119 mori·

334 3158 388 3191 esse
402 3142 461 3191 tine
474 3148 554 3205 patet,
565 3141 631 3206 qnod
641 3140 751 3191 subiecit
762 3142 876 3204 quicum·
919 3142 967 3191 tus
985 3140 1038 3191 suis
1058 3156 1087 3190 ec
1107 3140 1175 3189 tama
1195 3140 1275 3189 fidens
1293 3140 1319 3188 in
1333 3146 1461 3189 certamen

334 3227 380 3275 qne
393 3210 518 3260 resistere
531 3210 586 3258 ausi
600 3216 668 3271 sunt,
680 3208 795 3274 quodque
805 3224 879 3258 mun·
920 3210 1001 3259 uenit.

334 3280 390 3328 dnm
420 3278 569 3327 uniuersum
601 3277 738 3342 supercilio
773 3292 876 3327 mouere
974 3278 1016 3328 13.
1038 3277 1118 3326 turta
1130 3277 1287 3325 clientium:
1301 3276 1408 3326 clientes
1421 3275 1463 3341 qni

334 3354 428 3411 potest.
442 3345 505 3395 cti
521 3346 552 3395 12
567 3346 678 3408 tat-16,
691 3344 874 3395 111445-48.
920 3362 965 3412 pro
979 3354 1086 3411 patrono
1101 3344 1222 3409 suffragia
1242 3344 1336 3395 ierant.
1357 3344 1387 3394 Hi
1407 3360 1463 3395 cnm

334 3416 416 3465 Aliter
428 3423 455 3465 et
467 3414 610 3463 Horatiana
623 3414 750 3478 dignitate
769 3414 878 3464 interius
920 3415 1082 3465 multitudine
1101 3414 1185 3479 potius
1204 3414 1309 3463 ualeant
1329 3428 1402 3479 quam
1419 3428 1464 3463 au-

322 3483 480 3541 ¹Philemone
500 3480 594 3532 δοῦλοι
611 3482 747 3545 βασιλέων
765 3484 845 3543 siole,
863 3479 877 3531 ὁ
921 3484 1052 3546 ctoritate,
1067 3484 1149 3533 turdo
1162 3489 1296 3533 uocantur.

335 3547 462 3617 βασιλεὺς
473 3553 557 3611 θεῶνν
571 3546 585 3600 ‘3
598 3545 664 3607 θεὸς
676 3545 808 3617 tetysqc.
975 3567 1016 3616 14.
1037 3582 1124 3630 aequa
1142 3568 1214 3631 lege:
1235 3567 1303 3616 nullo
1317 3566 1463 3615 discrimine

386 3638 492 3687 9-24.
513 3636 580 3703 Opes
592 3643 637 3685 ant
650 3636 760 3686 honores
771 3643 878 3685 mortem
922 3642 968 3684 ant
991 3634 1135 3699 priuilegio.
1165 3632 1312 3684 Necessitas
1336 3642 1464 3697 tamqnam

337 3723 383 3756 non
402 3706 536 3769 adimunt,
561 3711 715 3770 quapropter
732 3704 880 3769 eanisitis-
922 3704 969 3752 deu
983 3716 1047 3767 quae
1061 3702 1166 3750 sortium
1183 3716 1271 3751 urnam
1283 3708 1417 3765 temperet,
1432 3702 1464 3750 eb

338 3772 392 3825 simi
418 3774 529 3824 diuitum
554 3780 690 3838 apparatus
712 3780 806 3823 metum
830 3788 878 3822 non
921 3769 1028 3820 Horatio
1042 3784 1107 3817 nnnc
1121 3768 1258 3818 inducitur.
1280 3768 1343 3817 cti
1357 3768 1389 3817 tt
1405 3769 1445 3818 17.

336 3844 481 3909 expeiinnt,
502 3842 525 3891 si
537 3842 605 3891 maia
618 3842 693 3891 adest
704 3841 877 3896 conscientia:
977 3854 1017 3903 qq,
1038 3868 1114 3902 omn,
1125 3868 1279 3901 „nomem
1298 3868 1388 3915 0070oe
1401 3868 1465 3903 um,

252 3932 258 3978 ,¹
337 3926 459 3977 pauperes
473 3917 559 3960 tutem
572 3918 598 3959 θῑ
612 3910 759 3959 ὶῐῑῦθθθῐῑῐθθ
771 3910 879 3975 Plfflffl·
922 3929 963 3973 est
975 3929 1003 3971 nt
1015 3920 1123 3971 omnium
1143 3928 1225 3969 sortes
1241 3920 1354 3985 recipere
1367 3922 1464 3988 possitq

242 4004 252 4021 -
337 3995 383 4043 qne
396 3979 537 4043 tranquille
550 3980 650 4027 uiuunt·
923 4006 995 4040 omne
1026 4004 1114 4039 nomen
1145 4002 1227 4054 aequa
1264 3988 1319 4052 lege
1348 3998 1466 4040 monetur

386 4063 495 4113 9-10.
522 4064 632 4113 ordinet
648 4064 762 4112 arbusto
780 4061 880 4111 sulcis.-
924 4052 1100 4123 (πάλλεται),
1121 4064 1150 4107 ut
1171 4059 1218 4106 hoc
1240 4057 1329 4121 quouis
1352 4064 1465 4123 tempore

337 4132 397 4181 orde
417 4133 476 4181 sine
494 4132 584 4193 reguls
602 4131 692 4180 uitium
711 4130 789 4181 sulcis
807 4130 882 4191 longe
924 4128 1031 4177 exsilire
1044 4134 1069 4175 et
1081 4140 1254 4193 possessorem
1271 4132 1341 4175 snum
1355 4142 1387 4176 ex
1399 4128 1467 4176 uinis

339 4201 419 4250 ductis
439 4200 571 4262 dirigitur.
591 4199 661 4249 Dicit
678 4200 718 4248 his
737 4198 881 4264 opulentum
924 4211 1018 4246 uocare
1031 4196 1122 4261 possit.
1137 4194 1256 4244 Fortasse
1267 4196 1381 4259 respexit
1392 4196 1465 4245 iliad.

337 4269 469 4319 uinearum
489 4282 672 4333 possessorem.
698 4267 810 4317 Arbustu
825 4272 884 4315 sunt
925 4268 957 4313 H
968 4266 1014 4313 181
1031 4280 1103 4328 sqq.,
1126 4262 1169 4312 nbi
1183 4262 1213 4311 ad
1228 4278 1335 4328 pugnam
1348 4272 1465 4327 uocatur,

337 4338 421 4400 uites,
437 4352 573 4403 quaecum
586 4336 883 4385 moreueterenrdores
926 4334 999 4383 cuius
1013 4348 1068 4382 sors
1078 4348 1108 4382 ex
1119 4338 1187 4381 mota
1197 4346 1262 4380 urna
1272 4331 1372 4380 cecidit.
1387 4328 1467 4381 ‘Haec
1537 4346 1542 4353 ‘

338 4404 724 4467 dictaesint(ci.ad1181),
743 4403 820 4453 etiem
839 4418 884 4452 ar-
920 4401 1065 4451 sccnndum
1084 4401 1152 4450 iilam
1174 4399 1315 4465 opinionem
1338 4400 1468 4463 uulgarem

340 4476 417 4524 tusto
439 4490 485 4540 pro
508 4473 592 4522 niueis
613 4472 672 4538 poni
692 4478 808 4539 possunt.
841 4470 885 4519 Sic
928 4470 1061 4532 dicuntur,
1082 4485 1130 4535 qua
1145 4468 1284 4519 affirmatur
1296 4474 1365 4516 sorte
1379 4470 1468 4517 ductos
1568 4511 1570 4516 .

339 4543 414 4593 etiam
428 4542 560 4606 Vergilius
572 4541 662 4604 Eciog.
677 4540 712 4590 iii
728 4541 775 4604 10,
789 4538 883 4601 Georg.
928 4540 959 4587 ed
978 4546 1085 4588 mortem
1107 4537 1137 4587 ab
1158 4538 1224 4588 Orco
1246 4530 1332 4587 trahi’.
1356 4534 1469 4585 Ponrar·

339 4610 361 4660 11
374 4612 434 4661 tto.
928 4622 997 4656 eron.
1025 4604 1153 4670 Vergilius
1172 4604 1284 4657 AemVi
1302 4604 1369 4653 432:
1389 4618 1470 4669 quoe-

393 4680 436 4731 10.
454 4682 631 4746 generosior:
644 4692 738 4743 genere
751 4675 887 4727 maiorum·
928 4678 999 4726 nitor
1011 4674 1099 4725 Minos
1112 4690 1210 4725 ornam
1222 4678 1324 4725 mouet.
