3884 5525
778 632 957 686 CAlllleVll
977 633 985 686 Ι
1007 634 1048 684 25.

855 1082 954 1142 XXV.

472 1279 475 1284 ·
556 1263 686 1327 Parcius
702 1266 988 1354 iunctasqnatiunt
1005 1267 1158 1328 fenestras

556 1377 689 1438 iactibus
705 1375 823 1436 crebris
838 1376 969 1436 iuuenes
985 1378 1136 1454 protendi,

556 1504 612 1550 nec
627 1489 683 1548 nor
700 1501 826 1548 somnos
841 1487 993 1563 adimunt,
1011 1493 1156 1562 amatque

555 1600 649 1660 ianua
665 1599 771 1673 limen,

558 1767 637 1827 quae
652 1753 739 1828 prius
756 1751 887 1812 multum
905 1751 1006 1812 tacitis
1023 1752 1167 1812 monetat

494 1882 498 1892 ’
555 1861 709 1922 cardines.
735 1862 824 1922 audis
840 1863 944 1924 minos
959 1866 992 1922 et
1008 1863 1110 1924 minus
1127 1841 1186 1956 ianr

411 2050 450 2098 Ad
465 2048 575 2100 Lidium.
598 2048 731 2114 Sapiricum
745 2049 941 2100 eudecassiiium
956 2051 989 2100 A.
1094 2049 1265 2116 Exprobrutio
1279 2051 1303 2102 in
1317 2055 1475 2106 meretricem

341 2118 452 2202 Lydiam
467 2120 498 2168 B.
586 2119 624 2168 ild
639 2118 737 2167 Lidium
757 2119 788 2167 de
801 2119 921 2183 superbia
940 2119 1021 2185 ipsius
1034 2119 1198 2184 exprobratio
1212 2121 1244 2170 H.
1333 2123 1475 2176 Diomedes

342 2194 450 2305 munii·
460 2211 575 2321 Parcius]
590 2257 672 2306 anius
686 2257 718 2306 G.
807 2256 833 2304 2.
853 2255 964 2307 lactibus
975 2257 1071 2308 Addo
1084 2257 1239 2307 Blandinr'i:
1256 2256 1350 2311 lctibus
1364 2263 1433 2329 Hgg.

343 2326 368 2374 5.
391 2324 478 2375 inritis
489 2326 515 2374 A
527 2326 684 2375 Biandinii:
705 2324 797 2376 faciles
812 2324 915 2376 oddo.

341 2543 423 2597 ‘Nate
436 2547 504 2610 deo,
526 2564 580 2614 quo
590 2549 658 2611 suto
675 2547 890 2596 tratunrrerra·
932 2545 1090 2596 recentiores
1112 2544 1222 2595 offerunt
1243 2545 1380 2611 (ictibus),
1403 2549 1427 2598 id
1451 2550 1475 2599 iu

345 2619 481 2682 donique,
502 2631 662 2682 sequamur.
681 2616 812 2681 quir-qnid
825 2619 888 2678 erit,
932 2631 960 2666 re
975 2614 1073 2666 ludicra
1086 2614 1188 2664 nimium
1203 2613 1304 2663 uidetur
1316 2631 1381 2666 esse.
1401 2618 1476 2668 letus

344 2686 499 2750 superando
528 2689 615 2734 omnis
631 2685 754 2749 fortuna
770 2683 889 2747 serendo
932 2684 998 2746 enirn
1014 2683 1112 2751 nonnisi
1126 2683 1156 2732 de
1170 2683 1243 2746 grani
1255 2686 1322 2732 iactu
1337 2685 1439 2736 dicitur.

346 2749 404 2805 est’.
424 2754 525 2804 Primus
544 2754 674 2804 edniouuit
687 2751 780 2816 Georg.
799 2752 889 2803 Fabri·
932 2757 1054 2804 iunctus:
1075 2759 1223 2803 nocturnum
1244 2759 1342 2817 tempus
1362 2753 1473 2807 iudicet:

346 2825 417 2885 cius,
435 2840 482 2873 sua
495 2824 622 2873 aduersus
637 2822 774 2887 Vergilium
788 2830 890 2871 seuten-
932 2830 992 2872 tuuc
1017 2822 1084 2871 enirn
1110 2821 1280 2882 fenestrarum
1307 2823 1398 2873 uuluae
1420 2826 1474 2875 siue

346 2896 385 2941 tia
399 2892 513 2942 Flaccum
525 2908 599 2943 usum
612 2907 680 2941 esso.
932 2889 1002 2941 iores
1014 2890 1133 2949 (Ouidius
1153 2905 1183 2939 cx
1199 2889 1278 2939 Ponto
1293 2889 1324 2939 ΙΙΙ
1340 2892 1353 2940 3
1369 2892 1383 2941 3
1396 2894 1476 2956 ,scuc-

399 2962 441 3013 20.
477 2962 607 3027 quicquid
687 2961 782 3023 ηψπ
814 2957 888 3009 ueius
931 2965 1008 3009 strare
1039 2960 1150 3023 bifores)
1180 2974 1239 3008 seru
1263 2960 1381 3011 occlusae
1406 2969 1474 3025 sunt,

348 3032 411 3093 quod
436 3038 531 3095 pugnat
554 3031 680 3079 aduersus
705 3031 785 3093 tegern
810 3043 825 3077 a
850 3028 889 3077 dis
931 3045 978 3094 per
991 3029 1056 3078 diem
1071 3027 1124 3077 iere
1137 3034 1234 3092 potent.

348 3100 469 3148 sancitam
483 3096 653 3166 (ἀθέμιτον).
985 3097 1010 3145 3.
1031 3113 1078 3145 nec
1098 3098 1148 3147 titi
1162 3113 1270 3147 romnus
1288 3096 1430 3147 adimunt:
1450 3106 1475 3148 te

933 3166 1097 3217 dormientem
1120 3181 1167 3215 non
1190 3165 1340 3217 sollicitant.
1370 3166 1476 3217 Seutcu-

397 3219 578 3272 (him-XXV·
594 3221 762 3271 mimium·
775 3221 890 3271 '’mli“
932 3235 994 3286 tium
1015 3234 1157 3285 inchoatum
1177 3224 1284 3301 amplius
1304 3242 1330 3285 et
1341 3252 1388 3301 per
1401 3252 1476 3301 nego·

349 3317 390 3375 te,
409 3311 514 3378 tyria,
535 3314 646 3361 iuuenes
666 3314 722 3360 ione
739 3316 872 3376 expetam
879 3329 889 3373 ,·
933 3306 1027 3352 tionem
1041 3304 1178 3367 eloquitur.

346 3417 372 3450 m
390 3418 412 3449 ε
440 3404 523 3450 mm.
555 3417 571 3450 a
602 3400 727 3450 vendes·
782 3399 889 3450 Mamm
989 3372 1065 3420 3-4.
1083 3348 1475 3434 amuipneiannnlimen:uon

374 3418 389 3460 ·⁰
523 3417 555 3452 ⁰⁷⁸
612 3403 645 3469 ff
764 3403 774 3462 l
932 3441 1038 3488 ueniunt
1060 3446 1204 3493 amatores.
1230 3440 1272 3505 qui
1298 3441 1397 3490 ianuam
1420 3440 1475 3491 loeo

346 3489 512 3555 salllll¹l⁰¹¹¹¹¹l
933 3510 1093 3557 demoueant.
1126 3508 1177 3557 Hoc
1202 3509 1232 3556 ad
1264 3509 1342 3574 ipsum
1374 3510 1474 3559 ianuam

398 3576 435 3626 tte
456 3576 537 3643 Lydio
557 3576 642 3641 puelia
661 3576 755 3626 dictum
776 3577 807 3625 ud
831 3576 838 3625 i
863 3575 889 3624 8.
933 3576 1099 3633 transfertur,
1110 3591 1174 3639 quae
1185 3582 1271 3625 ornere
1281 3580 1387 3641 quodum
1400 3578 1475 3628 limen

349 3644 399 3693 iioc
420 3661 522 3695 carmen
545 3652 645 3711 spectat
665 3645 697 3693 ud
720 3661 813 3694 nonum
832 3644 890 3693 iibri
933 3644 1165 3708 seruattenetqne.

348 3714 432 3776 tertii,
451 3714 576 3777 siquidem
594 3713 801 3784 discordiaouuuc
814 3712 892 3777 sigui·
985 3714 1073 3761 5-6.
1101 3728 1170 3776 poree
1185 3716 1265 3777 prins
1282 3739 1317 3748 -
1336 3713 1475 3765 cardines:

348 3782 422 3831 licata
434 3782 489 3832 illic
502 3784 668 3848 componitur.
684 3781 817 3847 Temporis
830 3789 890 3831 note
932 3796 1055 3847 praeseus
1076 3780 1185 3829 tarditas
1206 3780 1299 3829 iuuuue
1317 3780 1389 3844 (tuiis
1409 3782 1475 3831 enim

349 3867 396 3899 non
409 3852 493 3900 adest.
932 3848 1049 3913 fingitur)
1063 3848 1220 3913 componitur
1232 3863 1287 3897 cum
1299 3863 1328 3897 ea
1340 3864 1405 3913 quae
1416 3850 1475 3899 oiim

400 3920 483 3968 1-2,
502 3923 660 3983 parcius-
670 3923 814 3984 proter-ui:
832 3920 890 3968 dor·
933 3919 982 3969 iuit
995 3917 1130 3968 facilitate.
1148 3914 1210 3967 Nam
1224 3932 1279 3966 eum
1293 3924 1421 3968 amatores
1435 3934 1477 3969 uc·

348 3987 522 4053 mireLydiam
534 3988 664 4051 cogitatio
676 3988 806 4052 superiore
816 3994 889 4052 purte
933 4003 1053 4050 cessere,
1075 4002 1151 4052 saepe
1171 3986 1288 4035 cardines
1307 3986 1386 4037 mouit
1398 3988 1474 4037 iunua

348 4057 462 4105 aedium:
484 4073 540 4106 uam
561 4057 596 4105 ibi
615 4057 759 4118 fenestrae,
782 4058 808 4105 iu
825 4052 890 4105 infe·
933 4064 960 4107 et
968 4056 1102 4122 perfacilis
1111 4062 1168 4105 erat
1178 4054 1209 4103 ob
1221 4054 1377 4119 frequentem
1386 4072 1474 4117 usum3

348 4126 413 4174 riore
432 4126 465 4174 ud
484 4126 552 4175 uiam
574 4126 676 4187 nuliue3
696 4124 731 4175 ci.
744 4124 889 4192 Propertius
917 4127 1048 4175 'muttum
1063 4126 1161 4189 facilis
1179 4123 1250 4173 ualet
1266 4125 1426 4189 pudacior,
1448 4132 1477 4174 ut

347 4191 890 4243 tinctoriuxxttttrr.nectendu-
934 4194 1016 4243 Serm.
1044 4192 1052 4241 Ι
1079 4194 1093 4241 3
1119 4194 1166 4242 57:
1199 4193 1316 4243 incultum.
1346 4190 1476 4243 demimus

347 4262 417 4311 lust.
431 4261 456 4311 li
469 4263 553 4328 prro
566 4278 621 4327 sqq.
635 4263 677 4312 ed.
693 4262 718 4311 2.
769 4263 889 4311 iactibus
933 4265 1027 4321 dorno,·
1055 4261 1074 4311 ll
1096 4262 1110 4310 3
1134 4261 1197 4311 147:
1218 4261 1338 4312 medicae
1358 4263 1475 4312 maltum

348 4334 463 4381 crebris:
477 4335 568 4380 iactus
581 4332 665 4391 cogita
678 4331 799 4396 lepidum,
810 4338 890 4380 testa·
933 4332 1005 4381 celer
1016 4331 1215 4395 utquefidelis,·
1234 4329 1253 4379 ΙΙ
1269 4332 1283 4379 5
1297 4331 1345 4380 92:
1360 4332 1476 4380 inultum

348 4414 415 4460 rum,
434 4400 578 4463 glebarum.
603 4400 702 4449 Bentiei
720 4400 788 4449 coni.
806 4402 891 4448 acch—
933 4401 1032 4449 similis
1045 4403 1193 4460 nretaenti5
1215 4398 1272 4463 Epi.
1287 4398 1296 4449 Ι
1312 4400 1343 4447 10
1357 4400 1389 4448 3:
1408 4399 1477 4447 mai-

349 4471 394 4517 tur
406 4484 455 4519 uon
468 4468 611 4533 probanda,
625 4468 691 4532 quod
703 4468 814 4518 uectium
828 4482 891 4517 usus
935 4474 993 4518 tum
1013 4468 1173 4530 drisimileu
1205 4466 1225 4516 ΙΙ
1248 4467 1262 4515 2
1285 4467 1333 4515 622
1359 4466 1477 4515 moritum

349 4537 423 4586 estin
436 4537 606 4602 expugnanda
624 4539 717 4600 ianua,
741 4553 789 4587 nou
809 4537 833 4585 iu
855 4534 892 4585 ie·
935 4537 1056 4586 dicterio.
1069 4536 1182 4585 Multum
1194 4538 1286 4584 miseri
1295 4534 1402 4583 Ouidius
1412 4530 1475 4582 Met.
1548 4584 1552 4591 ,

349 4607 439 4655 nestris
461 4605 606 4672 pulsandis.
637 4606 756 4657 Ceterum
775 4605 892 4655 taccitus
934 4604 982 4654 ΙΙΙΙ
999 4606 1056 4653 155.
1077 4604 1174 4654 Plinius
1187 4601 1339 4667 Epictiti:
1360 4601 1476 4650 multum

349 4674 434 4739 scripsi
455 4682 561 4725 ueteres
579 4683 684 4732 secutus
704 4674 800 4725 libros:
826 4672 896 4735 quod
935 4676 1025 4737 inepti
1038 4673 1152 4723 latores.
1347 4674 1349 4677 '
