3884 5525
436 604 569 675 xxm'
678 616 681 619 ⁴
867 605 1133 660 rnonnoounrm.

438 780 516 842 cium
533 798 637 840 eorum
652 777 702 860 qui
718 776 863 861 poematis
884 775 1029 841 faciendis
1052 778 1182 840 studium
1202 786 1234 838 ct
1254 774 1367 858 ingenii
1389 780 1472 846 uires
1495 802 1567 843 con-

438 887 518 949 ferre
537 885 641 954 uelint.
666 884 750 946 Hanc
769 884 859 946 telam
882 884 926 947 sic
950 880 1118 967 pertexuit,
1144 893 1175 945 ut
1198 882 1346 947 incertum
1367 886 1566 968 relinquatur,

439 1002 538 1055 utrum
554 990 669 1053 maiore
689 990 777 1054 laude
800 990 888 1075 digna
910 990 951 1053 sit
970 989 1089 1053 subtilis
1114 976 1144 1051 el
1164 988 1249 1051 uaria
1270 991 1403 1057 docentis
1427 993 1565 1071 scientia,

440 1120 478 1161 an
508 1097 700 1161 admirabilis·
721 1097 753 1159 in
774 1098 903 1168 serendo
924 1096 1160 1179 explicandaque
1182 1097 1367 1178 quaestionis
1390 1109 1567 1181 argumento

439 1205 583 1280 uarietas,
601 1226 640 1268 an
656 1204 783 1267 facetiae
798 1214 829 1265 ct
843 1204 901 1266 ioci
917 1202 1088 1267 suauissimi
1105 1202 1231 1284 singulis
1248 1202 1382 1287 epistulis
1399 1206 1485 1267 modo
1501 1226 1568 1287 par-

441 1311 506 1389 cius
536 1311 624 1373 modo
654 1310 767 1393 largius
787 1309 928 1391 inspersi.
959 1308 1041 1371 llaec
1061 1329 1151 1391 opera
1174 1310 1310 1390 quamuis
1334 1312 1430 1394 ampla
1452 1311 1568 1373 auctori

440 1428 540 1480 tamen
556 1438 615 1479 non
631 1416 773 1478 uidentur
787 1415 942 1479 suffecisse
958 1426 991 1478 ut
1005 1415 1113 1477 librum
1135 1416 1262 1479 alterum
1278 1415 1346 1479 inde
1362 1428 1565 1499 componeret,

441 1524 495 1587 sed
510 1522 570 1586 alia
584 1522 702 1584 uidetur
716 1521 825 1584 addere
841 1521 985 1585 uoluisse.
1003 1499 1287 1605 Mors⁸superuenit
1305 1520 1402 1585 Amici
1415 1544 1455 1585 ex
1467 1533 1568 1606 postu-

441 1628 497 1692 mis
512 1627 647 1711 epistulis
663 1627 791 1691 alterum
807 1628 914 1691 librum
936 1618 1081 1692 fecerunt.
1109 1627 1172 1690 Hoc
1192 1629 1233 1691 ita
1256 1629 1398 1691 accidisse
1420 1639 1448 1691 et
1469 1628 1568 1711 prodit

441 1753 583 1816 magnum
604 1732 687 1796 Artis
709 1734 840 1816 poeticae
866 1756 976 1797 nomen
1000 1734 1144 1817 epistulae
1168 1744 1337 1817 postremae
1363 1734 1487 1797 inditum
1510 1736 1564 1815 (cf.

440 1840 580 1903 Prooem.
598 1840 689 1919 ΑΡ.),
707 1829 1014 1925 et'hinoagnoseitnr
1029 1841 1105 1924 quod
1122 1840 1229 1904 librum
1242 1840 1384 1905 emissum
1397 1840 1470 1903 nihil
1482 1862 1567 1927 prae·

441 1946 561 2010 lationis
576 1957 630 2011 aut
644 1944 794 2010 clausulae
806 1957 942 2012 secutum
958 1957 1016 2011 est.

972 2354 1031 2416 XI.

589 2503 640 2565 DE
655 2501 890 2565 HORATlANlS
907 2502 1074 2570 SAECVLI
1093 2504 1187 2571 NONl
1204 2504 1382 2568 CODlGlBV
1385 2506 1416 2567 S.

558 2606 609 2668 DE
627 2607 767 2707 00111οΕ
783 2608 1008 2689 BLANlllNlO,
1026 2608 1229 2685 BERNENSl‚
1249 2607 1448 2671 GOTHANO.

527 2796 614 2860 Edita
630 2797 745 2860 Horatii
768 2811 904 2881 poemata
926 2810 1011 2862 tanto
1034 2797 1131 2860 studio
1154 2795 1289 2858 homines
1311 2807 1340 2858 ct
1356 2771 1581 2858 lectitauerunt

441 2911 472 2964 et
487 2902 727 2986 descripserunt,
745 2916 778 2966 ut
792 2927 890 2988 neque
905 2926 1013 2968 uersus
1029 2904 1106 2967 ullus
1123 2903 1235 2984 periret
1250 2921 1346 2983 neque
1362 2901 1454 2963 falsus
1464 2901 1506 2962 -ab
1521 2900 1568 2962 in-

441 3009 623 3091 terpolatore
639 3011 835 3072 sufficeretur.
859 3011 935 3073 Nam
958 3011 1094 3073 intanta
1118 3009 1266 3092 elegantia
1287 3020 1315 3070 et
1337 3006 1493 3078 breuitate,
1507 3007 1567 3069 ela-

440 3135 509 3176 uam
524 3114 645 3176 Herculi
661 3126 844 3196 extorquere
859 3117 974 3178 facilius
998 3127 1045 3180 est
1065 3138 1152 3197 quam
1173 3116 1364 3198 interponere
1386 3111 1566 3176 uersiculum

441 3218 490 3299 qui
506 3230 623 3281 ceteros
648 3220 753 3281 fallere
773 3221 879 3302 possit.
904 3220 1011 3284 Nobile
1036 3222 1204 3306 exemplum
1229 3221 1403 3284 aSuetonio
1426 3220 1568 3284 traditum

441 3333 488 3386 est
503 3324 548 3386 bis
563 3324 683 3387 uerbis:
708 3339 860 3390 uenerunt
876 3331 908 3390 in
923 3350 1033 3390 eronus
1049 3350 1133 3391 arcus
1149 3337 1180 3390 et
1201 3329 1288 3412 elegi
1306 3327 1363 3390 sud
1379 3329 1444 3390 eius
1461 3327 1565 3404 titulo,

441 3441 473 3494 et
494 3431 625 3514 rpe'stuld
646 3453 745 3516 proso
767 3436 928 3510 oratione,
948 3437 1047 3519 pueri
1066 3434 1306 3497 cornmrndnetr's
1327 3455 1360 3496 se
1373 3435 1566 3499 Maecenati.

439 3536 551 3600 Verum
572 3537 651 3600 idem
671 3537 829 3602 Suetonius
852 3541 995 3604 continuo
1018 3541 1117 3603 addit:
1142 3541 1201 3604 ced
1221 3549 1354 3625 utroque
1364 3539 1459 3622 soloe
1475 3550 1566 3623 puto.

439 3666 511 3706 eam
527 3645 615 3728 elegi
627 3646 789 3728 arboreo,
814 3651 950 3731 epzbtulc
973 3650 1063 3710 etiem
1085 3646 1239 3720 obscuro3
1263 3668 1322 3731 qao
1346 3648 1423 3708 ua'tc'o
1445 3647 1567 3706 nrt'ncine

441 3748 614 3812 tenebatur.
639 3750 787 3816 Nimirum
803 3754 941 3836 quiequid
963 3753 1113 3836 elegantia
1135 3753 1275 3828 carebat,
1300 3751 1438 3833 quicquid
1462 3750 1568 3812 obscu-

440 3875 506 3916 rum
523 3867 588 3918 erat
603 3869 655 3920 aut
669 3859 780 3942 alioqui
802 3861 963 3938 uitiosum,
991 3861 1045 3921 boe
1068 3859 1104 3921 ab
1120 3859 1245 3921 Horatio
1267 3857 1416 3940 proficisci
1437 3877 1496 3950 non
1517 3878 1568 3940 po-

441 3960 533 4024 tuisse
549 3963 599 4026 uel
614 3986 717 4046 parum
734 3987 859 4049 sagaces
879 3966 944 4028 ueri
968 3965 1094 4047 salsique
1117 3965 1230 4027 iudices
1252 3963 1386 4048 prompte
1408 3961 1569 4046 perspicie-

426 4049 522 4130 bant.
549 4069 625 4132 Hinc
642 4072 765 4134 existis
782 4072 875 4154 elegis
891 4082 920 4134 et
943 4069 1069 4154 epistula
1090 4071 1214 4132 uerbum
1240 4070 1351 4132 nullum
1375 4070 1411 4132 ad
1436 4081 1570 4152 tempora

440 4185 544 4237 nostra
559 4178 707 4258 proditum
724 4189 783 4239 est.
807 4176 944 4240 Alterum
965 4177 1135 4260 exemplum
1153 4175 1293 4238 habemus
1311 4185 1378 4237 octo
1395 4197 1502 4239 uersus
1519 4176 1569 4238 de'-

439 4281 532 4344 cimae
554 4283 666 4345 satirae
689 4282 757 4345 libri
780 4283 868 4366 primi
890 4283 1090 4366 praemissos,
1122 4282 1159 4344 ab
1183 4283 1302 4366 ingenio
1327 4293 1357 4344 et
1380 4283 1450 4346 stilo
1472 4283 1568 4344 Hora-

440 4385 521 4449 tiano
537 4387 624 4470 plane
640 4389 788 4452 diuersos.
813 4389 934 4452 Pannus
953 4389 1004 4451 ille
1027 4411 1087 4450 nou
1109 4389 1145 4451 ab
1166 4389 1383 4472 interpolatore
1406 4390 1566 4472 profectus,

441 4494 493 4556 sed
510 4493 546 4557 ab
562 4495 680 4577 aequali
694 4495 819 4576 quodam
835 4505 921 4578 poeta
937 4495 1117 4579 compositus
1139 4506 1259 4558 ueteres
1282 4515 1342 4558 non
1363 4493 1477 4556 fefellit.
1500 4493 1568 4556 Non

440 4601 555 4666 scholia
571 4602 652 4666 illum
674 4602 801 4682 babent,
826 4603 917 4668 etiam
939 4603 1056 4668 codices
1078 4601 1212 4687 plerique
1233 4611 1264 4663 et
1286 4599 1390 4683 optimi
1414 4599 1566 4678 omittunt,
