3884 5525
917 647 928 661 .
949 597 1090 669 uousru

510 832 517 841 -
568 799 574 805 '
661 792 749 854 iilum
765 804 827 852 non
842 788 932 851 labor
946 784 1097 848 Isthmius
1203 832 1210 843 .

664 902 794 964 clarabit
809 899 958 977 pugilem,
977 912 1038 959 uon
1054 911 1155 974 equus
1170 899 1294 975 inpiger

618 1026 622 1032 ἱ
665 1068 761 1117 curru
778 1053 870 1115 ducet
885 1051 1023 1114 Achaico

664 1167 828 1241 uictorem,
847 1177 946 1238 neque
962 1176 1015 1223 res
1031 1160 1141 1222 bctiicu
1157 1159 1257 1225 Deliis

610 1374 619 1385 .
664 1322 810 1381 ornatum
826 1317 911 1379 ioliis
928 1316 1050 1393 ducem,

665 1429 746 1505 quod
762 1442 873 1505 regum
887 1427 1024 1488 tumidus
1039 1426 1216 1488 contuderit
1230 1428 1343 1503 miuus,

666 1582 810 1645 ostendet
825 1576 999 1657 Capitolio:

664 1696 717 1756 sed
734 1707 814 1769 quae
829 1690 929 1754 Tibur
944 1705 1043 1767 aquae
1058 1690 1162 1751 iertiie
1177 1691 1352 1765 praefluunt

667 1851 700 1908 et
715 1847 835 1922 spissae
851 1857 1012 1906 nemorum
1028 1858 1136 1905 comae

665 1958 786 2035 degent
799 1954 909 2018 Aeolio
925 1954 1064 2017 carmine
1079 1953 1225 2017 nobilem.

526 2214 551 2265 3.
580 2213 688 2265 isbmius
709 2214 749 2277 B,
777 2212 866 2263 ismius
886 2212 927 2274 11,
957 2210 1093 2261 bistbmius
1115 2208 1146 2260 G.
1269 2211 1295 2261 4.
1325 2224 1406 2276 equus
1427 2210 1460 2259 B.

459 2283 559 2351 inpiger
570 2284 610 2334 B:
629 2282 737 2349 impiger
751 2280 826 2347 0113.
933 2280 958 2330 8.
978 2280 1139 2330 Priscianus
1151 2277 1178 2329 X
1190 2280 1206 2329 4
1219 2279 1263 2330 25.
1335 2276 1414 2345 quod]
1428 2277 1477 2343 Qui
1490 2280 1523 2329 Η.

459 2352 503 2471 ig.
521 2349 689 2472 3123?er
700 2351 733 2403 B.
804 2350 882 2419 tybur
894 2348 951 2401 BG.
1024 2350 1167 2415 praefluunt
1177 2348 1310 2415 BGchc:
1328 2350 1456 2415 perfluunt
1468 2364 1495 2407 ς.

511 2668 537 2719 3.
556 2668 636 2719 labor
648 2668 794 2719 Isthmius.-
814 2666 889 2717 labor
901 2666 926 2715 in
940 2665 1005 2717 lstb-
1045 2664 1146 2718 'iiburti
1159 2666 1246 2728 lucus,
1263 2664 1306 2715 ubi
1320 2665 1408 2715 domus
1420 2663 1520 2714 Horatii
1534 2665 1593 2714 die-

454 2737 516 2795 miis
528 2738 710 2788 certaminibus
724 2736 883 2788 tolerandas.
1046 2736 1093 2787 bus
1106 2734 1221 2786 Suetonii
1241 2734 1425 2786 ostendebatur
1438 2733 1482 2796 (ci.
1496 2733 1529 2791 ad
1543 2732 1593 2785 iiii

509 2809 535 2857 4.
555 2808 673 2858 clarabit
688 2808 827 2872 pragitem:
847 2821 861 2856 c
881 2805 1005 2855 certanti·
1047 2805 1201 2868 uso-31).
1221 2804 1291 2854 Haec
1310 2805 1388 2868 igitur
1406 2805 1437 2853 ed
1456 2804 1592 2869 praedium

458 2875 505 2926 bns
519 2891 575 2927 cum
589 2876 744 2938 nominauit,
764 2876 807 2940 qni
821 2875 913 2925 labore
925 2874 1004 2939 potis·
1045 2873 1223 2936 Tiburtinum,
1243 2875 1275 2923 de
1296 2888 1345 2938 quo
1366 2872 1479 2937 loquitur
1498 2872 1593 2922 Sueto·

459 2946 548 2994 simum
573 2945 678 3004 nititur;
709 2946 843 3006 clarebit,
871 2941 965 2994 iactum
987 2957 1003 2991 a
1046 2943 1119 3005 aius,
1141 2941 1242 3004 rciero,
1262 2957 1292 2991 ac
1304 2942 1410 3008 primam
1422 2956 1479 2991 esse
1491 2949 1592 2990 certum

459 3013 552 3064 clarus
564 3021 592 3063 ct
601 3029 634 3064 en
643 3013 748 3078 antiqua
756 3013 842 3076 lingua
852 3018 878 3063 et
886 3010 1003 3060 Lucretii
1045 3011 1215 3077 possessionis
1228 3011 1298 3060 iilius
1310 3011 1462 3060 mentionem
1476 3009 1593 3060 animad-

457 3097 524 3148 penu
534 3081 702 3148 desumptum,
710 3081 780 3130 ualet
791 3079 1001 3143 clarumsccr'et.
1046 3080 1123 3130 uerti.
1147 3079 1235 3128 Altera
1252 3080 1358 3129 inicitur
1376 3077 1420 3128 itti
1439 3079 1454 3127 2
1473 3079 1590 3129 30-32.

508 3150 586 3198 4-6.
601 3152 876 3215 equares—uictorem:
891 3162 946 3196 cum
956 3163 1003 3211 pu·
1045 3148 1098 3197 Hoc
1111 3149 1176 3212 quod
1191 3163 1257 3196 nunc
1276 3148 1591 3213 interpretamurcarmen

458 3215 508 3279 gilo
522 3216 620 3265 uictore
638 3217 797 3280 componitur
816 3215 859 3280 qui
872 3231 949 3264 curru
961 3215 1003 3264 ui·
1045 3229 1105 3266 cum
1120 3216 1233 3280 proxime
1252 3225 1310 3280 post
1329 3217 1468 3266 Soeculare
1491 3216 1589 3266 iactum

457 3283 563 3333 ctorium
577 3284 741 3348 adipiscitum
765 3283 808 3332 iiie
821 3283 934 3332 laborem
948 3284 1002 3347 ipsc
1045 3285 1096 3346 sit,
1115 3285 1233 3334 conicere
1253 3285 1330 3335 liceat
1343 3285 1512 3349 procarmine
1526 3284 1591 3335 Sue·

457 3351 543 3411 subit,
570 3351 635 3402 huuc
657 3367 736 3416 equus
758 3351 857 3417 inpiger
877 3351 1001 3402 uictorem
1044 3353 1127 3404 colari
1149 3354 1279 3418 praedium
1300 3353 1462 3403 Tiburtinum
1486 3354 1518 3403 ab
1537 3353 1591 3403 Au-

457 3425 582 3486 praestet.
616 3419 668 3469 Alii
694 3419 775 3470 ducet
798 3422 1003 3485 interpretantur
1044 3430 1118 3487 gusto
1132 3421 1225 3472 Flacco
1239 3423 1325 3475 dutum
1338 3437 1406 3473 esse.

458 3488 584 3552 reducet,
607 3490 651 3538 scd
665 3503 730 3554 quoe
743 3489 900 3554 praecedunt
913 3490 944 3540 de
956 3507 1002 3557 pu·
1098 3491 1209 3541 13-16.
1230 3491 1351 3542 iuuentus
1365 3491 1477 3541 Romane
1488 3505 1528 3540 rue
1541 3505 1601 3540 ua·-

458 3557 509 3622 giie
524 3556 602 3620 dicte,
617 3557 680 3607 decc
693 3557 761 3607 uliud
777 3558 894 3608 suadent.
1043 3567 1095 3610 tem
1117 3561 1237 3611 eximium
1258 3567 1415 3624 ueneratur,
1436 3560 1515 3609 ceteri
1538 3560 1589 3609 iam

509 3627 586 3677 6-7.
600 3626 685 3676 Deliis
692 3627 826 3691 -solr'iar
841 3627 915 3676 leuro
926 3641 1001 3691 quam
1044 3630 1129 3680 miuus
1141 3630 1257 3679 mordent
1269 3630 1378 3679 inuidia.

457 3695 626 3761 triumphator
637 3695 662 3744 in
676 3695 772 3759 gremio
785 3694 852 3746 louis
861 3695 1001 3761 Capitolini
1097 3699 1139 3747 14.
1158 3699 1279 3748 suboles.-
1295 3693 1422 3748 ‘Nerones
1441 3697 1498 3747 unit
1511 3697 1589 3747 iutel-

457 3765 570 3830 rcponit:
587 3780 642 3814 uum
654 3766 684 3813 de
695 3766 867 3830 triumphante
877 3765 1000 3829 loquitur,
1043 3766 1111 3830 legi,
1131 3781 1193 3831 quos
1207 3766 1336 3830 Augustus
1349 3767 1479 3832 priuignos
1492 3765 1587 3831 alioqui

456 3841 484 3884 ut
497 3833 609 3884 ostendit
621 3833 714 3882 mentio
729 3832 857 3900 Capitolii,
1044 3851 1104 3885 suos
1117 3836 1172 3884 loco
1185 3835 1293 3884 filiorum
1310 3828 1451 3896 diligebat’.
1473 3833 1588 3885 Poscer-

507 3901 532 3950 8.
553 3902 896 3968 praecingam-minas.-
914 3910 1001 3952 exter·
1044 3919 1112 3953 arou.
1139 3901 1195 3952 Non
1215 3910 1312 3952 tantum
1332 3901 1442 3949 Drusum
1464 3909 1492 3950 et
1509 3903 1588 3952 Tibe-

456 3985 503 4020 nes
521 3971 660 4032 uictorias,
682 3985 726 4036 pro
746 3972 837 4035 quibas
857 3972 1000 4036 triumphus
1042 3973 1107 4022 rium
1120 3971 1176 4020 uolt
1188 3969 1313 4033 intellegi,
1331 3968 1375 4018 scd
1389 3968 1467 4018 etiam
1481 3970 1587 4022 iuuenes

456 4039 575 4100 debatur,
592 4040 757 4102 significauit.
786 4040 915 4105 Superbos
926 4055 999 4103 reges
1043 4040 1156 4101 nobiles,
1171 4040 1321 4104 quicumque
1334 4052 1417 4088 nouae
1430 4039 1501 4106 poesi
1516 4040 1588 4091 sauc-

455 4114 594 4170 memorat,
615 4115 644 4157 ut
656 4109 747 4158 merite
760 4108 941 4173 triumphantis
954 4122 1000 4158 ex·
1042 4109 1121 4169 bunt,
1140 4108 1256 4172 inprimis
1274 4107 1455 4172 Censorinum,
1477 4107 1586 4173 bellios,

456 4175 591 4225 tollantur.
803 4187 806 4192 ’
1044 4177 1125 4227 iulum
1155 4176 1311 4238 Antonium,
1350 4176 1441 4226 iulium
1472 4176 1585 4238 Florum,

509 4244 619 4294 10-12.
638 4243 665 4293 Si
673 4252 747 4310 poete
757 4245 999 4310 proeterin'gcniam
1043 4245 1163 4296 Plancum
1175 4244 1264 4307 fllium,
1278 4245 1352 4297 alios.

456 4312 532 4364 etiam
554 4313 627 4362 dulce
647 4315 726 4363 otium
743 4314 920 4377 nanciscetur,
942 4328 1000 4362 car-
1097 4313 1217 4362 14-15.
1241 4317 1316 4364 inter
1334 4315 1465 4364 amabiles
1477 4341 1508 4352 —
1523 4317 1587 4366 ebc-

455 4382 521 4432 miae
534 4397 580 4432 suo
594 4381 687 4432 nobilis
699 4382 753 4432 fiet.
1040 4397 1104 4431 ror:
1131 4381 1220 4446 primis
1244 4390 1332 4433 uotum
1354 4399 1393 4434 me
1417 4399 1587 4434 annumerare

509 4451 632 4500 itt-11.
658 4451 704 4500 sed
723 4465 792 4516 quac
807 4448 891 4500 Tibur·
910 4465 999 4513 aquae
1041 4449 1170 4514 dignatur.

447 4519 548 4584 fertile
565 4519 726 4585 praefluunt
744 4523 771 4566 et
788 4520 893 4582 spissae
910 4533 999 4568 nemo-
1096 4518 1137 4567 ib.
1162 4525 1191 4570 et
1207 4522 1260 4570 iam
1282 4549 1317 4558 —
1335 4521 1445 4571 incido:
1464 4521 1507 4586 qui
1525 4521 1585 4570 oiim

455 4603 516 4637 rum
541 4603 650 4638 comae:
679 4584 849 4636 Tiburtinam,
867 4586 999 4637 ciuitatem
1041 4587 1123 4637 liuore
1137 4603 1176 4638 me
1189 4590 1316 4655 persecuti
1329 4597 1398 4654 suat,
1412 4590 1585 4640 conticescere

453 4656 572 4718 prosituit
583 4655 665 4719 Anio,
679 4669 755 4720 prope
768 4663 809 4706 est
820 4653 929 4706 Tiburni
942 4656 998 4706 siue
1041 4665 1189 4723 coeperunt.
