<?xml version="1.0" encoding="UTF-8"?>
<!DOCTYPE html PUBLIC "-//W3C//DTD XHTML 1.0 Transitional//EN"
    "http://www.w3.org/TR/xhtml1/DTD/xhtml1-transitional.dtd">
<html xmlns="http://www.w3.org/1999/xhtml" xml:lang="en" lang="en">
 <head>
  <title>
</title>
<meta http-equiv="Content-Type" content="text/html;charset=utf-8" />
  <meta name='ocr-system' content='tesseract 3.04.00' />
  <meta name='ocr-capabilities' content='ocr_page ocr_carea ocr_par ocr_line ocrx_word'/>
</head>
<body>
  <div class='ocr_page' id='page_1' title='image "./horatiicarminae00rittgoog/horatiicarminae00rittgoog_0134.png"; bbox 0 0 3884 5525; ppageno 0'>
   <div class='ocr_carea' id='block_1_1' title="bbox 356 1649 657 1716">
    <p class='ocr_par' dir='ltr' id='par_1_1' title="bbox 356 1649 657 1716">
     <span class='ocr_line' id='line_1_1' title="bbox 356 1649 657 1716; baseline -0.003 -16"><span class='ocrx_word' id='word_1_1' title='bbox 356 1675 361 1681; x_wconf 96' lang='lat'>·</span> <span class='ocrx_word' id='word_1_2' title='bbox 437 1657 464 1700; x_wconf 92' lang='lat' dir='ltr'><strong>et</strong></span> <span class='ocrx_word' id='word_1_3' title='bbox 476 1649 612 1716; x_wconf 88' lang='lat' dir='ltr'><strong>apollinem</strong></span> <span class='ocrx_word' id='word_1_4' title='bbox 625 1649 657 1699; x_wconf 89' lang='lat' dir='ltr'><strong>B.</strong></span> 
     </span>
    </p>
   </div>
   <div class='ocr_carea' id='block_1_2' title="bbox 935 637 1072 690">
    <p class='ocr_par' dir='ltr' id='par_1_2' title="bbox 935 637 1072 690">
     <span class='ocr_line' id='line_1_2' title="bbox 935 637 1072 690; baseline -0.015 0"><span class='ocrx_word' id='word_1_5' title='bbox 935 637 1072 690; x_wconf 84' lang='lat' dir='ltr'><strong>llDIlATll</strong></span> 
     </span>
    </p>
   </div>
   <div class='ocr_carea' id='block_1_3' title="bbox 940 872 1044 967">
    <p class='ocr_par' dir='ltr' id='par_1_3' title="bbox 940 872 1044 967">
     <span class='ocr_line' id='line_1_3' title="bbox 940 872 1044 967; baseline -0.01 -34"><span class='ocrx_word' id='word_1_6' title='bbox 940 872 1044 967; x_wconf 11' lang='lat' dir='ltr'>uxx1.</span> 
     </span>
    </p>
   </div>
   <div class='ocr_carea' id='block_1_4' title="bbox 645 1014 1235 1433">
    <p class='ocr_par' dir='ltr' id='par_1_4' title="bbox 645 1014 1235 1322">
     <span class='ocr_line' id='line_1_4' title="bbox 647 1014 1199 1102; baseline 0 -16"><span class='ocrx_word' id='word_1_7' title='bbox 647 1021 780 1086; x_wconf 82' lang='lat' dir='ltr'>Dianam</span> <span class='ocrx_word' id='word_1_8' title='bbox 794 1029 921 1098; x_wconf 86' lang='lat' dir='ltr'><strong>tenerae</strong></span> <span class='ocrx_word' id='word_1_9' title='bbox 937 1024 1031 1084; x_wconf 89' lang='lat' dir='ltr'><strong>dieite</strong></span> <span class='ocrx_word' id='word_1_10' title='bbox 1047 1014 1199 1102; x_wconf 80' lang='lat' dir='ltr'><strong>uirginea,</strong></span> 
     </span>
     <span class='ocr_line' id='line_1_5' title="bbox 645 1131 1235 1211; baseline 0.005 -15"><span class='ocrx_word' id='word_1_11' title='bbox 645 1137 816 1211; x_wconf 87' lang='lat' dir='ltr'><strong>intonsum,</strong></span> <span class='ocrx_word' id='word_1_12' title='bbox 834 1135 934 1210; x_wconf 80' lang='lat' dir='ltr'><strong>pueri,</strong></span> <span class='ocrx_word' id='word_1_13' title='bbox 953 1135 1047 1195; x_wconf 85' lang='lat' dir='ltr'><strong>dieite</strong></span> <span class='ocrx_word' id='word_1_14' title='bbox 1063 1131 1235 1211; x_wconf 83' lang='lat' dir='ltr'><strong>Cynthium</strong></span> 
     </span>
     <span class='ocr_line' id='line_1_6' title="bbox 646 1238 1023 1322; baseline -0.003 -16"><span class='ocrx_word' id='word_1_15' title='bbox 646 1238 862 1322; x_wconf 78' lang='lat' dir='ltr'><strong>Latonamque</strong></span> <span class='ocrx_word' id='word_1_16' title='bbox 877 1260 1023 1320; x_wconf 87' lang='lat' dir='ltr'><strong>supremo</strong></span> 
     </span>
    </p>

    <p class='ocr_par' dir='ltr' id='par_1_5' title="bbox 647 1352 1026 1433">
     <span class='ocr_line' id='line_1_7' title="bbox 647 1352 1026 1433; baseline 0.003 -15"><span class='ocrx_word' id='word_1_17' title='bbox 647 1352 789 1418; x_wconf 83' lang='lat' dir='ltr'><strong>dilectam</strong></span> <span class='ocrx_word' id='word_1_18' title='bbox 805 1358 931 1433; x_wconf 87' lang='lat' dir='ltr'><strong>penitus</strong></span> <span class='ocrx_word' id='word_1_19' title='bbox 946 1353 1026 1426; x_wconf 91' lang='lat' dir='ltr'><strong>Ioui.</strong></span> 
     </span>
    </p>
   </div>
   <div class='ocr_carea' id='block_1_5' title="bbox 506 1511 1566 1579">
    <p class='ocr_par' dir='ltr' id='par_1_6' title="bbox 506 1511 1566 1579">
     <span class='ocr_line' id='line_1_8' title="bbox 506 1511 1566 1579; baseline 0.002 -19"><span class='ocrx_word' id='word_1_20' title='bbox 506 1511 544 1561; x_wconf 87' lang='lat' dir='ltr'><strong>Ad</strong></span> <span class='ocrx_word' id='word_1_21' title='bbox 557 1511 659 1561; x_wconf 82' lang='lat' dir='ltr'><strong>eborum</strong></span> <span class='ocrx_word' id='word_1_22' title='bbox 672 1513 799 1576; x_wconf 78' lang='lat' dir='ltr'><strong>uirginum</strong></span> <span class='ocrx_word' id='word_1_23' title='bbox 813 1519 839 1561; x_wconf 89' lang='lat' dir='ltr'><strong>et</strong></span> <span class='ocrx_word' id='word_1_24' title='bbox 847 1527 991 1577; x_wconf 89' lang='lat' dir='ltr'><strong>puerorum.</strong></span> <span class='ocrx_word' id='word_1_25' title='bbox 1013 1511 1121 1562; x_wconf 90' lang='lat' dir='ltr'><strong>llletrum</strong></span> <span class='ocrx_word' id='word_1_26' title='bbox 1132 1512 1229 1562; x_wconf 92' lang='lat' dir='ltr'><strong>duobus</strong></span> <span class='ocrx_word' id='word_1_27' title='bbox 1240 1511 1358 1562; x_wconf 86' lang='lat' dir='ltr'><strong>uersibus</strong></span> <span class='ocrx_word' id='word_1_28' title='bbox 1368 1511 1566 1579; x_wconf 78' lang='lat' dir='ltr'><strong>asclepiadeum,</strong></span> 
     </span>
    </p>
   </div>
   <div class='ocr_carea' id='block_1_6' title="bbox 437 1580 1569 1735">
    <p class='ocr_par' dir='ltr' id='par_1_7' title="bbox 437 1580 1569 1735">
     <span class='ocr_line' id='line_1_9' title="bbox 437 1580 1038 1647; baseline 0.002 -16"><span class='ocrx_word' id='word_1_29' title='bbox 437 1580 530 1632; x_wconf 88' lang='lat' dir='ltr'><strong>tertius</strong></span> <span class='ocrx_word' id='word_1_30' title='bbox 547 1580 714 1645; x_wconf 71' lang='lat' dir='ltr'><strong>temeramus,</strong></span> <span class='ocrx_word' id='word_1_31' title='bbox 733 1588 839 1646; x_wconf 88' lang='lat' dir='ltr'><strong>quartus</strong></span> <span class='ocrx_word' id='word_1_32' title='bbox 859 1581 992 1647; x_wconf 74' lang='lat' dir='ltr'><strong>glyeonius</strong></span> <span class='ocrx_word' id='word_1_33' title='bbox 1003 1583 1038 1632; x_wconf 85' lang='lat' dir='ltr'><strong>A.</strong></span> 
     </span>
     <span class='ocr_line' id='line_1_10' title="bbox 762 1649 1569 1735; baseline 0 -35"><span class='ocrx_word' id='word_1_34' title='bbox 762 1649 865 1700; x_wconf 80' lang='lat' dir='ltr'><strong>Laudes</strong></span> <span class='ocrx_word' id='word_1_35' title='bbox 878 1650 1026 1735; x_wconf 70' lang='lat' dir='ltr'><strong>adadorum</strong></span> <span class='ocrx_word' id='word_1_36' title='bbox 1039 1651 1165 1714; x_wconf 79' lang='lat' dir='ltr'><strong>uirginum</strong></span> <span class='ocrx_word' id='word_1_37' title='bbox 1185 1654 1342 1728; x_wconf 28' lang='lat' dir='ltr'><strong>etlpnerotp.</strong></span> <span class='ocrx_word' id='word_1_38' title='bbox 1376 1651 1402 1700; x_wconf 95' lang='lat' dir='ltr'><strong>ln</strong></span> <span class='ocrx_word' id='word_1_39' title='bbox 1417 1649 1522 1700; x_wconf 79' lang='lat' dir='ltr'><strong>Dianam</strong></span> <span class='ocrx_word' id='word_1_40' title='bbox 1542 1658 1569 1700; x_wconf 89' lang='lat' dir='ltr'><strong>et</strong></span> 
     </span>
    </p>
   </div>
   <div class='ocr_carea' id='block_1_7' title="bbox 436 1719 626 1784">
    <p class='ocr_par' dir='ltr' id='par_1_8' title="bbox 436 1719 626 1784">
     <span class='ocr_line' id='line_1_11' title="bbox 436 1719 626 1784; baseline -0.005 -15"><span class='ocrx_word' id='word_1_41' title='bbox 436 1719 579 1784; x_wconf 87' lang='lat' dir='ltr'><strong>Apollinem</strong></span> <span class='ocrx_word' id='word_1_42' title='bbox 593 1719 626 1768; x_wconf 85' lang='lat' dir='ltr'><strong>H.</strong></span> 
     </span>
    </p>
   </div>
   <div class='ocr_carea' id='block_1_8' title="bbox 509 1769 1204 1850">
    <p class='ocr_par' dir='ltr' id='par_1_9' title="bbox 509 1769 1204 1850">
     <span class='ocr_line' id='line_1_12' title="bbox 509 1769 1204 1850; baseline 0.004 -15"><span class='ocrx_word' id='word_1_43' title='bbox 509 1787 533 1843; x_wconf 78' lang='lat' dir='ltr'><strong>l,</strong></span> <span class='ocrx_word' id='word_1_44' title='bbox 552 1786 695 1839; x_wconf 84' lang='lat' dir='ltr'><strong>Diomedes</strong></span> <span class='ocrx_word' id='word_1_45' title='bbox 707 1787 726 1838; x_wconf 89' lang='lat' dir='ltr'><strong>t.</strong></span> <span class='ocrx_word' id='word_1_46' title='bbox 740 1803 764 1836; x_wconf 88' lang='lat' dir='ltr'><strong>e.</strong></span> <span class='ocrx_word' id='word_1_47' title='bbox 784 1786 897 1838; x_wconf 80' lang='lat' dir='ltr'><strong>Seruius</strong></span> <span class='ocrx_word' id='word_1_48' title='bbox 909 1769 946 1836; x_wconf 82' lang='lat' dir='ltr'><strong>ad</strong></span> <span class='ocrx_word' id='word_1_49' title='bbox 959 1787 1062 1850; x_wconf 79' lang='lat' dir='ltr'><strong>Vergit.</strong></span> <span class='ocrx_word' id='word_1_50' title='bbox 1077 1787 1133 1838; x_wconf 78' lang='lat' dir='ltr'><strong>nat.</strong></span> <span class='ocrx_word' id='word_1_51' title='bbox 1148 1787 1163 1836; x_wconf 87' lang='grc'><strong>5</strong></span> <span class='ocrx_word' id='word_1_52' title='bbox 1180 1787 1204 1838; x_wconf 87' lang='grc'><strong>1.</strong></span> 
     </span>
    </p>
   </div>
   <div class='ocr_carea' id='block_1_9' title="bbox 438 1856 659 1922">
    <p class='ocr_par' dir='ltr' id='par_1_10' title="bbox 438 1856 659 1922">
     <span class='ocr_line' id='line_1_13' title="bbox 438 1856 659 1922; baseline -0.005 -16"><span class='ocrx_word' id='word_1_53' title='bbox 438 1857 464 1906; x_wconf 88' lang='grc'><strong>3.</strong></span> <span class='ocrx_word' id='word_1_54' title='bbox 484 1856 536 1906; x_wconf 87' lang='lat' dir='ltr'><strong>lato</strong></span> <span class='ocrx_word' id='word_1_55' title='bbox 550 1856 608 1922; x_wconf 75' lang='lat' dir='ltr'><strong>utiq,</strong></span> <span class='ocrx_word' id='word_1_56' title='bbox 624 1856 659 1906; x_wconf 89' lang='lat' dir='ltr'><strong>A.</strong></span> 
     </span>
    </p>
   </div>
   <div class='ocr_carea' id='block_1_10' title="bbox 435 2008 1011 2720">
    <p class='ocr_par' dir='ltr' id='par_1_11' title="bbox 435 2008 1011 2720">
     <span class='ocr_line' id='line_1_14' title="bbox 479 2008 991 2074; baseline 0.002 -14"><span class='ocrx_word' id='word_1_57' title='bbox 479 2008 648 2062; x_wconf 76' lang='lat' dir='ltr'><strong>(lermxXl.</strong></span> <span class='ocrx_word' id='word_1_58' title='bbox 664 2008 831 2060; x_wconf 80' lang='lat' dir='ltr'><strong>Prooemium.</strong></span> <span class='ocrx_word' id='word_1_59' title='bbox 847 2011 910 2074; x_wconf 86' lang='lat' dir='ltr'><strong>Vas,</strong></span> <span class='ocrx_word' id='word_1_60' title='bbox 923 2014 991 2061; x_wconf 73' lang='lat' dir='ltr'><strong>aei·-¹</strong></span> 
     </span>
     <span class='ocr_line' id='line_1_15' title="bbox 435 2100 981 2168; baseline 0.007 -20"><span class='ocrx_word' id='word_1_61' title='bbox 435 2103 529 2164; x_wconf 69' lang='lat' dir='ltr'><strong>gircea,</strong></span> <span class='ocrx_word' id='word_1_62' title='bbox 543 2100 673 2163; x_wconf 79' lang='lat' dir='ltr'><strong>Dianam,</strong></span> <span class='ocrx_word' id='word_1_63' title='bbox 694 2115 753 2164; x_wconf 81' lang='lat' dir='ltr'><strong>aas,</strong></span> <span class='ocrx_word' id='word_1_64' title='bbox 767 2105 862 2165; x_wconf 84' lang='lat' dir='ltr'><strong>paeri,</strong></span> <span class='ocrx_word' id='word_1_65' title='bbox 875 2101 981 2168; x_wconf 79' lang='lat' dir='ltr'><strong>Apolli-</strong></span> 
     </span>
     <span class='ocr_line' id='line_1_16' title="bbox 436 2189 980 2255; baseline 0.004 -17"><span class='ocrx_word' id='word_1_66' title='bbox 436 2205 497 2238; x_wconf 84' lang='lat' dir='ltr'><strong>neae</strong></span> <span class='ocrx_word' id='word_1_67' title='bbox 524 2189 607 2239; x_wconf 79' lang='lat' dir='ltr'><strong>dieite</strong></span> <span class='ocrx_word' id='word_1_68' title='bbox 634 2194 803 2255; x_wconf 82' lang='lat' dir='ltr'><strong>matremque</strong></span> <span class='ocrx_word' id='word_1_69' title='bbox 827 2191 888 2241; x_wconf 86' lang='grc' dir='ltr'><strong>1οαί</strong></span> <span class='ocrx_word' id='word_1_70' title='bbox 917 2191 980 2241; x_wconf 81' lang='lat' dir='ltr'><strong>dite·</strong></span> 
     </span>
     <span class='ocr_line' id='line_1_17' title="bbox 438 2279 978 2344; baseline 0.006 -16"><span class='ocrx_word' id='word_1_71' title='bbox 438 2284 525 2342; x_wconf 87' lang='lat' dir='ltr'><strong>etam,</strong></span> <span class='ocrx_word' id='word_1_72' title='bbox 547 2279 677 2344; x_wconf 80' lang='lat' dir='ltr'><strong>siquidem</strong></span> <span class='ocrx_word' id='word_1_73' title='bbox 694 2280 791 2343; x_wconf 81' lang='lat' dir='ltr'><strong>Apollo</strong></span> <span class='ocrx_word' id='word_1_74' title='bbox 809 2287 905 2331; x_wconf 81' lang='lat' dir='ltr'><strong>uestra</strong></span> <span class='ocrx_word' id='word_1_75' title='bbox 923 2297 978 2331; x_wconf 88' lang='lat' dir='ltr'><strong>mn·</strong></span> 
     </span>
     <span class='ocr_line' id='line_1_18' title="bbox 439 2369 982 2436; baseline 0.002 -18"><span class='ocrx_word' id='word_1_76' title='bbox 439 2374 485 2418; x_wconf 79' lang='lat' dir='ltr'><strong>tus</strong></span> <span class='ocrx_word' id='word_1_77' title='bbox 500 2384 581 2434; x_wconf 80' lang='lat' dir='ltr'><strong>prees</strong></span> <span class='ocrx_word' id='word_1_78' title='bbox 603 2369 700 2418; x_wconf 81' lang='lat' dir='ltr'><strong>deltam</strong></span> <span class='ocrx_word' id='word_1_79' title='bbox 721 2369 912 2433; x_wconf 67' lang='lat' dir='ltr'><strong>tommosam,</strong></span> <span class='ocrx_word' id='word_1_80' title='bbox 929 2371 982 2436; x_wconf 76' lang='lat' dir='ltr'><strong>fa·</strong></span> 
     </span>
     <span class='ocr_line' id='line_1_19' title="bbox 437 2459 1011 2530; baseline 0.003 -22"><span class='ocrx_word' id='word_1_81' title='bbox 437 2474 504 2508; x_wconf 88' lang='lat' dir='ltr'><strong>mem</strong></span> <span class='ocrx_word' id='word_1_82' title='bbox 516 2462 672 2524; x_wconf 72' lang='lat' dir='ltr'><strong>pestemque</strong></span> <span class='ocrx_word' id='word_1_83' title='bbox 683 2473 699 2507; x_wconf 89' lang='lat' dir='ltr'><strong>a</strong></span> <span class='ocrx_word' id='word_1_84' title='bbox 710 2459 812 2524; x_wconf 82' lang='lat' dir='ltr'><strong>populo</strong></span> <span class='ocrx_word' id='word_1_85' title='bbox 821 2465 849 2509; x_wconf 91' lang='lat' dir='ltr'><strong>et</strong></span> <span class='ocrx_word' id='word_1_86' title='bbox 856 2463 981 2525; x_wconf 71' lang='lat' dir='ltr'><strong>principe</strong></span> <span class='ocrx_word' id='word_1_87' title='bbox 1009 2526 1011 2530; x_wconf 28' lang='grc' dir='ltr'>Ι</span> 
     </span>
     <span class='ocr_line' id='line_1_20' title="bbox 438 2548 981 2614; baseline 0.007 -17"><span class='ocrx_word' id='word_1_88' title='bbox 438 2548 555 2598; x_wconf 80' lang='lat' dir='ltr'><strong>Caesare</strong></span> <span class='ocrx_word' id='word_1_89' title='bbox 573 2552 601 2598; x_wconf 80' lang='lat' dir='ltr'><strong>ia</strong></span> <span class='ocrx_word' id='word_1_90' title='bbox 613 2549 710 2598; x_wconf 84' lang='lat' dir='ltr'><strong>Persas</strong></span> <span class='ocrx_word' id='word_1_91' title='bbox 730 2555 813 2614; x_wconf 81' lang='lat' dir='ltr'><strong>atque</strong></span> <span class='ocrx_word' id='word_1_92' title='bbox 832 2550 981 2601; x_wconf 75' lang='lat' dir='ltr'><strong>Britannos</strong></span> 
     </span>
     <span class='ocr_line' id='line_1_21' title="bbox 438 2636 731 2720; baseline 0.01 -34"><span class='ocrx_word' id='word_1_93' title='bbox 438 2639 540 2720; x_wconf 57' lang='lat' dir='ltr'><strong>adiget.</strong></span> <span class='ocrx_word' id='word_1_94' title='bbox 555 2636 673 2699; x_wconf 85' lang='lat' dir='ltr'><strong>(Metram</strong></span> <span class='ocrx_word' id='word_1_95' title='bbox 689 2640 731 2703; x_wconf 85' lang='lat'><strong>19)</strong></span> 
     </span>
    </p>
   </div>
   <div class='ocr_carea' id='block_1_11' title="bbox 380 2761 1012 4682">
    <p class='ocr_par' dir='ltr' id='par_1_12' title="bbox 380 2761 1012 4682">
     <span class='ocr_line' id='line_1_22' title="bbox 490 2761 981 2831; baseline 0.01 -20"><span class='ocrx_word' id='word_1_96' title='bbox 490 2761 599 2812; x_wconf 77' lang='lat' dir='ltr'><strong>Carmen</strong></span> <span class='ocrx_word' id='word_1_97' title='bbox 619 2765 666 2813; x_wconf 85' lang='lat' dir='ltr'><strong>hoe</strong></span> <span class='ocrx_word' id='word_1_98' title='bbox 684 2772 725 2815; x_wconf 90' lang='lat' dir='ltr'><strong>est</strong></span> <span class='ocrx_word' id='word_1_99' title='bbox 743 2766 842 2831; x_wconf 85' lang='lat' dir='ltr'><strong>speeies</strong></span> <span class='ocrx_word' id='word_1_100' title='bbox 861 2767 981 2822; x_wconf 77' lang='grc' dir='ltr'><em>παιᾶνος</em></span> 
     </span>
     <span class='ocr_line' id='line_1_23' title="bbox 437 2831 980 2899; baseline 0.006 -19"><span class='ocrx_word' id='word_1_101' title='bbox 437 2831 587 2897; x_wconf 85' lang='lat' dir='ltr'><strong>adpestem</strong></span> <span class='ocrx_word' id='word_1_102' title='bbox 613 2834 777 2884; x_wconf 88' lang='lat' dir='ltr'><strong>auertendam</strong></span> <span class='ocrx_word' id='word_1_103' title='bbox 802 2835 980 2899; x_wconf 87' lang='lat' dir='ltr'><strong>sedandaeque</strong></span> 
     </span>
     <span class='ocr_line' id='line_1_24' title="bbox 438 2902 982 2965; baseline 0.004 -14"><span class='ocrx_word' id='word_1_104' title='bbox 438 2902 514 2951; x_wconf 82' lang='lat' dir='ltr'><strong>l&#39;aunis</strong></span> <span class='ocrx_word' id='word_1_105' title='bbox 538 2902 622 2965; x_wconf 83' lang='lat' dir='ltr'><strong>gratia</strong></span> <span class='ocrx_word' id='word_1_106' title='bbox 646 2904 683 2952; x_wconf 82' lang='lat' dir='ltr'><strong>in·</strong></span> <span class='ocrx_word' id='word_1_107' title='bbox 696 2904 815 2953; x_wconf 89' lang='lat' dir='ltr'><strong>honorem</strong></span> <span class='ocrx_word' id='word_1_108' title='bbox 835 2903 934 2953; x_wconf 89' lang='lat' dir='ltr'><strong>Dianae</strong></span> <span class='ocrx_word' id='word_1_109' title='bbox 954 2911 982 2953; x_wconf 91' lang='lat' dir='ltr'><strong>et</strong></span> 
     </span>
     <span class='ocr_line' id='line_1_25' title="bbox 437 2969 981 3035; baseline 0.004 -16"><span class='ocrx_word' id='word_1_110' title='bbox 437 2969 563 3035; x_wconf 78' lang='lat' dir='ltr'><strong>Apollinis</strong></span> <span class='ocrx_word' id='word_1_111' title='bbox 587 2971 758 3034; x_wconf 80' lang='lat' dir='ltr'><strong>decantandi,</strong></span> <span class='ocrx_word' id='word_1_112' title='bbox 785 2974 841 3022; x_wconf 90' lang='lat' dir='ltr'><strong>siue</strong></span> <span class='ocrx_word' id='word_1_113' title='bbox 866 2977 981 3022; x_wconf 85' lang='lat' dir='ltr'><strong>re&#39;uara</strong></span> 
     </span>
     <span class='ocr_line' id='line_1_26' title="bbox 438 3040 980 3105; baseline 0.006 -18"><span class='ocrx_word' id='word_1_114' title='bbox 438 3040 588 3088; x_wconf 79' lang='lat' dir='ltr'><strong>cecinerunt</strong></span> <span class='ocrx_word' id='word_1_115' title='bbox 600 3040 715 3103; x_wconf 76' lang='lat' dir='ltr'><strong>uirgines</strong></span> <span class='ocrx_word' id='word_1_116' title='bbox 727 3048 754 3089; x_wconf 91' lang='lat' dir='ltr'><strong>et</strong></span> <span class='ocrx_word' id='word_1_117' title='bbox 765 3041 853 3105; x_wconf 88' lang='lat' dir='ltr'><strong>pueri,</strong></span> <span class='ocrx_word' id='word_1_118' title='bbox 875 3049 902 3090; x_wconf 86' lang='lat' dir='ltr'><strong>at</strong></span> <span class='ocrx_word' id='word_1_119' title='bbox 919 3042 980 3090; x_wconf 84' lang='lat' dir='ltr'><strong>milri</strong></span> 
     </span>
     <span class='ocr_line' id='line_1_27' title="bbox 437 3106 981 3170; baseline 0.007 -15"><span class='ocrx_word' id='word_1_120' title='bbox 437 3108 541 3170; x_wconf 79' lang='lat' dir='ltr'><strong>uidetur</strong></span> <span class='ocrx_word' id='word_1_121' title='bbox 554 3106 647 3156; x_wconf 84' lang='lat' dir='ltr'><strong>laetum</strong></span> <span class='ocrx_word' id='word_1_122' title='bbox 661 3122 733 3169; x_wconf 88' lang='lat' dir='ltr'><strong>esse,</strong></span> <span class='ocrx_word' id='word_1_123' title='bbox 752 3110 807 3158; x_wconf 89' lang='lat' dir='ltr'><strong>siue</strong></span> <span class='ocrx_word' id='word_1_124' title='bbox 821 3109 942 3159; x_wconf 85' lang='lat' dir='ltr'><strong>Horatius</strong></span> <span class='ocrx_word' id='word_1_125' title='bbox 955 3110 981 3159; x_wconf 91' lang='lat' dir='ltr'><strong>id</strong></span> 
     </span>
     <span class='ocr_line' id='line_1_28' title="bbox 437 3174 981 3243; baseline 0.007 -20"><span class='ocrx_word' id='word_1_126' title='bbox 437 3174 494 3224; x_wconf 90' lang='lat' dir='ltr'><strong>lieri</strong></span> <span class='ocrx_word' id='word_1_127' title='bbox 511 3174 595 3223; x_wconf 85' lang='lat' dir='ltr'><strong>linxit.</strong></span> <span class='ocrx_word' id='word_1_128' title='bbox 619 3175 752 3243; x_wconf 66' lang='lat' dir='ltr'><strong>§peetauit</strong></span> <span class='ocrx_word' id='word_1_129' title='bbox 774 3176 866 3225; x_wconf 82' lang='lat' dir='ltr'><strong>tamem</strong></span> <span class='ocrx_word' id='word_1_130' title='bbox 889 3177 981 3228; x_wconf 88' lang='lat' dir='ltr'><strong>ltaliae</strong></span> 
     </span>
     <span class='ocr_line' id='line_1_29' title="bbox 437 3243 980 3308; baseline 0.004 -16"><span class='ocrx_word' id='word_1_131' title='bbox 437 3250 464 3292; x_wconf 90' lang='lat' dir='ltr'><strong>et</strong></span> <span class='ocrx_word' id='word_1_132' title='bbox 476 3243 649 3308; x_wconf 76' lang='lat' dir='ltr'><strong>pestilentiam</strong></span> <span class='ocrx_word' id='word_1_133' title='bbox 663 3243 723 3291; x_wconf 89' lang='lat' dir='ltr'><strong>anni</strong></span> <span class='ocrx_word' id='word_1_134' title='bbox 736 3244 785 3292; x_wconf 74' lang='lat'><strong>732</strong></span> <span class='ocrx_word' id='word_1_135' title='bbox 799 3246 836 3307; x_wconf 88' lang='lat' dir='ltr'><strong>(a.</strong></span> <span class='ocrx_word' id='word_1_136' title='bbox 853 3244 913 3293; x_wconf 80' lang='lat' dir='ltr'><strong>Cltr.</strong></span> <span class='ocrx_word' id='word_1_137' title='bbox 923 3246 980 3307; x_wconf 83' lang='lat'><strong>22),</strong></span> 
     </span>
     <span class='ocr_line' id='line_1_30' title="bbox 437 3308 981 3392; baseline 0.007 -33"><span class='ocrx_word' id='word_1_138' title='bbox 437 3312 469 3360; x_wconf 88' lang='lat' dir='ltr'><strong>de</strong></span> <span class='ocrx_word' id='word_1_139' title='bbox 488 3326 537 3375; x_wconf 91' lang='lat' dir='ltr'><strong>qua</strong></span> <span class='ocrx_word' id='word_1_140' title='bbox 556 3310 609 3391; x_wconf 41' lang='lat' dir='ltr'><strong>pio(</strong></span> <span class='ocrx_word' id='word_1_141' title='bbox 624 3310 729 3392; x_wconf 71' lang='lat' dir='ltr'><strong>Cpssius</strong></span> <span class='ocrx_word' id='word_1_142' title='bbox 746 3311 813 3361; x_wconf 89' lang='lat' dir='ltr'><strong>Lllll</strong></span> <span class='ocrx_word' id='word_1_143' title='bbox 828 3313 857 3361; x_wconf 90' lang='lat' dir='ltr'><strong>l:</strong></span> <span class='ocrx_word' id='word_1_144' title='bbox 878 3308 981 3363; x_wconf 81' lang='grc' dir='ltr'>πονού-</span> 
     </span>
     <span class='ocr_line' id='line_1_31' title="bbox 436 3377 980 3449; baseline 0.007 -21"><span class='ocrx_word' id='word_1_145' title='bbox 436 3395 518 3449; x_wconf 81' lang='grc' dir='ltr'>μενοι</span> <span class='ocrx_word' id='word_1_146' title='bbox 535 3394 585 3429; x_wconf 76' lang='lat' dir='ltr'><strong>our</strong></span> <span class='ocrx_word' id='word_1_147' title='bbox 598 3396 653 3428; x_wconf 84' lang='grc' dir='ltr'><strong>υπο</strong></span> <span class='ocrx_word' id='word_1_148' title='bbox 666 3394 695 3429; x_wconf 81' lang='grc' dir='ltr'><strong>τε</strong></span> <span class='ocrx_word' id='word_1_149' title='bbox 709 3380 757 3444; x_wconf 82' lang='grc' dir='ltr'><strong>τῆς</strong></span> <span class='ocrx_word' id='word_1_150' title='bbox 768 3377 853 3430; x_wconf 80' lang='grc' dir='ltr'>νόσου</span> <span class='ocrx_word' id='word_1_151' title='bbox 864 3382 912 3431; x_wconf 83' lang='grc' dir='ltr'><strong>καὶ</strong></span> <span class='ocrx_word' id='word_1_152' title='bbox 924 3377 980 3431; x_wconf 79' lang='grc' dir='ltr'><strong>ὑπὸ</strong></span> 
     </span>
     <span class='ocr_line' id='line_1_32' title="bbox 438 3444 987 3519; baseline 0.005 -21"><span class='ocrx_word' id='word_1_153' title='bbox 438 3449 487 3498; x_wconf 83' lang='grc' dir='ltr'><strong>τοῦ</strong></span> <span class='ocrx_word' id='word_1_154' title='bbox 511 3448 592 3516; x_wconf 76' lang='grc' dir='ltr'><em>λιμοῦ</em></span> <span class='ocrx_word' id='word_1_155' title='bbox 616 3446 657 3511; x_wconf 72' lang='lat' dir='ltr'><strong>(dv</strong></span> <span class='ocrx_word' id='word_1_156' title='bbox 679 3448 712 3517; x_wconf 80' lang='grc' dir='ltr'><strong>τῇ</strong></span> <span class='ocrx_word' id='word_1_157' title='bbox 740 3444 791 3515; x_wconf 78' lang='grc' dir='ltr'><strong>γὰρ</strong></span> <span class='ocrx_word' id='word_1_158' title='bbox 821 3451 855 3519; x_wconf 77' lang='grc' dir='ltr'><strong>τῇ</strong></span> <span class='ocrx_word' id='word_1_159' title='bbox 875 3444 987 3517; x_wconf 59' lang='grc' dir='ltr'><strong><em>Ἰταλία</em></strong></span> 
     </span>
     <span class='ocr_line' id='line_1_33' title="bbox 380 3511 981 3603; baseline 0.003 -36"><span class='ocrx_word' id='word_1_160' title='bbox 380 3544 384 3547; x_wconf 90' lang='grc'><strong>-</strong></span> <span class='ocrx_word' id='word_1_161' title='bbox 438 3511 517 3585; x_wconf 75' lang='grc' dir='ltr'>πάσῃ</span> <span class='ocrx_word' id='word_1_162' title='bbox 535 3514 550 3566; x_wconf 85' lang='grc' dir='ltr'><strong>ὁ</strong></span> <span class='ocrx_word' id='word_1_163' title='bbox 570 3511 665 3585; x_wconf 80' lang='grc' dir='ltr'><strong><em>λοιμὸς</em></strong></span> <span class='ocrx_word' id='word_1_164' title='bbox 683 3516 790 3603; x_wconf 46' lang='grc' dir='ltr'><strong>ἐγένετο</strong></span> <span class='ocrx_word' id='word_1_165' title='bbox 802 3523 849 3568; x_wconf 80' lang='grc' dir='ltr'><strong>καὶ</strong></span> <span class='ocrx_word' id='word_1_166' title='bbox 862 3513 912 3582; x_wconf 79' lang='grc' dir='ltr'><strong>τὴν</strong></span> <span class='ocrx_word' id='word_1_167' title='bbox 922 3515 981 3586; x_wconf 78' lang='grc' dir='ltr'><strong>χώ-</strong></span> 
     </span>
     <span class='ocr_line' id='line_1_34' title="bbox 384 3581 980 3657; baseline 0.008 -23"><span class='ocrx_word' id='word_1_168' title='bbox 384 3649 386 3657; x_wconf 20' lang='lat'>!</span> <span class='ocrx_word' id='word_1_169' title='bbox 438 3600 491 3653; x_wconf 83' lang='grc' dir='ltr'><strong>ραν</strong></span> <span class='ocrx_word' id='word_1_170' title='bbox 510 3582 602 3642; x_wconf 78' lang='grc' dir='ltr'><em>οὐδεὶς</em></span> <span class='ocrx_word' id='word_1_171' title='bbox 621 3581 782 3653; x_wconf 75' lang='grc' dir='ltr'><strong><em>εἴργασατο)</em></strong></span> <span class='ocrx_word' id='word_1_172' title='bbox 802 3590 860 3638; x_wconf 79' lang='grc' dir='ltr'><strong>κτλ.</strong></span> <span class='ocrx_word' id='word_1_173' title='bbox 882 3588 980 3653; x_wconf 80' lang='lat' dir='ltr'><strong>Quibus</strong></span> 
     </span>
     <span class='ocr_line' id='line_1_35' title="bbox 437 3654 979 3721; baseline 0.009 -18"><span class='ocrx_word' id='word_1_174' title='bbox 437 3654 512 3704; x_wconf 89' lang='lat' dir='ltr'><strong>malis</strong></span> <span class='ocrx_word' id='word_1_175' title='bbox 541 3655 629 3721; x_wconf 88' lang='lat' dir='ltr'><strong>plebes</strong></span> <span class='ocrx_word' id='word_1_176' title='bbox 659 3671 748 3721; x_wconf 91' lang='lat' dir='ltr'><strong>pressa</strong></span> <span class='ocrx_word' id='word_1_177' title='bbox 780 3657 804 3706; x_wconf 91' lang='lat' dir='ltr'><strong>in</strong></span> <span class='ocrx_word' id='word_1_178' title='bbox 830 3658 979 3708; x_wconf 84' lang='lat' dir='ltr'><strong>seditionem</strong></span> 
     </span>
     <span class='ocr_line' id='line_1_36' title="bbox 420 3724 980 3793; baseline 0.005 -20"><span class='ocrx_word' id='word_1_179' title='bbox 420 3724 518 3789; x_wconf 73' lang='lat' dir='ltr'><strong>&#39;paene</strong></span> <span class='ocrx_word' id='word_1_180' title='bbox 531 3724 673 3791; x_wconf 85' lang='lat' dir='ltr'><strong>prooessit,</strong></span> <span class='ocrx_word' id='word_1_181' title='bbox 695 3732 782 3793; x_wconf 89' lang='lat' dir='ltr'><strong>patres</strong></span> <span class='ocrx_word' id='word_1_182' title='bbox 801 3730 826 3775; x_wconf 88' lang='lat' dir='ltr'><strong>in</strong></span> <span class='ocrx_word' id='word_1_183' title='bbox 845 3727 917 3776; x_wconf 90' lang='lat' dir='ltr'><strong>enria</strong></span> <span class='ocrx_word' id='word_1_184' title='bbox 931 3728 980 3776; x_wconf 91' lang='lat' dir='ltr'><strong>eir-</strong></span> 
     </span>
     <span class='ocr_line' id='line_1_37' title="bbox 437 3796 981 3858; baseline 0.007 -16"><span class='ocrx_word' id='word_1_185' title='bbox 437 3809 580 3843; x_wconf 88' lang='lat' dir='ltr'><strong>eumsessos</strong></span> <span class='ocrx_word' id='word_1_186' title='bbox 593 3796 693 3858; x_wconf 77' lang='lat' dir='ltr'><strong>eregit,</strong></span> <span class='ocrx_word' id='word_1_187' title='bbox 714 3801 743 3843; x_wconf 91' lang='lat' dir='ltr'><strong>ut</strong></span> <span class='ocrx_word' id='word_1_188' title='bbox 762 3796 914 3845; x_wconf 76' lang='lat' dir='ltr'><strong>dictaturam</strong></span> <span class='ocrx_word' id='word_1_189' title='bbox 928 3797 981 3846; x_wconf 90' lang='lat' dir='ltr'><strong>An·</strong></span> 
     </span>
     <span class='ocr_line' id='line_1_38' title="bbox 437 3862 980 3935; baseline 0.007 -25"><span class='ocrx_word' id='word_1_190' title='bbox 437 3869 512 3935; x_wconf 75' lang='lat' dir='ltr'><strong>gusto</strong></span> <span class='ocrx_word' id='word_1_191' title='bbox 526 3862 701 3927; x_wconf 85' lang='lat' dir='ltr'><strong>decernerent,</strong></span> <span class='ocrx_word' id='word_1_192' title='bbox 724 3880 804 3929; x_wconf 90' lang='lat' dir='ltr'><strong>neque</strong></span> <span class='ocrx_word' id='word_1_193' title='bbox 817 3867 922 3915; x_wconf 89' lang='lat' dir='ltr'><strong>multam</strong></span> <span class='ocrx_word' id='word_1_194' title='bbox 935 3867 980 3914; x_wconf 77' lang='lat' dir='ltr'><strong>alt-</strong></span> 
     </span>
     <span class='ocr_line' id='line_1_39' title="bbox 438 3931 979 3999; baseline 0.004 -18"><span class='ocrx_word' id='word_1_195' title='bbox 438 3931 502 3991; x_wconf 86' lang='lat' dir='ltr'><strong>l&#39;uit,</strong></span> <span class='ocrx_word' id='word_1_196' title='bbox 523 3932 583 3996; x_wconf 91' lang='lat' dir='ltr'><strong>quin</strong></span> <span class='ocrx_word' id='word_1_197' title='bbox 601 3932 679 3981; x_wconf 82' lang='lat' dir='ltr'><strong>nimie</strong></span> <span class='ocrx_word' id='word_1_198' title='bbox 698 3933 819 3999; x_wconf 91' lang='lat' dir='ltr'><strong>prineipis</strong></span> <span class='ocrx_word' id='word_1_199' title='bbox 843 3933 931 3983; x_wconf 82' lang='lat' dir='ltr'><strong>fauore</strong></span> <span class='ocrx_word' id='word_1_200' title='bbox 953 3934 979 3982; x_wconf 90' lang='lat' dir='ltr'><strong>ui</strong></span> 
     </span>
     <span class='ocr_line' id='line_1_40' title="bbox 438 4000 1010 4066; baseline 0.003 -19"><span class='ocrx_word' id='word_1_201' title='bbox 438 4007 610 4063; x_wconf 75' lang='lat' dir='ltr'><strong>grassaretur.</strong></span> <span class='ocrx_word' id='word_1_202' title='bbox 636 4000 673 4050; x_wconf 84' lang='lat' dir='ltr'><strong>Eo</strong></span> <span class='ocrx_word' id='word_1_203' title='bbox 694 4002 823 4066; x_wconf 82' lang='lat' dir='ltr'><strong>pertinent</strong></span> <span class='ocrx_word' id='word_1_204' title='bbox 844 4003 923 4052; x_wconf 85' lang='lat' dir='ltr'><strong>uerba</strong></span> <span class='ocrx_word' id='word_1_205' title='bbox 939 4004 977 4065; x_wconf 84' lang='lat' dir='ltr'><strong>(u.</strong></span> <span class='ocrx_word' id='word_1_206' title='bbox 1006 4040 1010 4049; x_wconf 88' lang='lat'>.</span> 
     </span>
     <span class='ocr_line' id='line_1_41' title="bbox 440 4068 979 4137; baseline 0.004 -20"><span class='ocrx_word' id='word_1_207' title='bbox 440 4069 498 4130; x_wconf 84' lang='lat'>13):</span> <span class='ocrx_word' id='word_1_208' title='bbox 523 4070 566 4117; x_wconf 79' lang='lat' dir='ltr'><strong>trie</strong></span> <span class='ocrx_word' id='word_1_209' title='bbox 590 4068 703 4135; x_wconf 79' lang='lat' dir='ltr'><strong>(Apollo)</strong></span> <span class='ocrx_word' id='word_1_210' title='bbox 729 4074 853 4121; x_wconf 74' lang='lat' dir='ltr'><strong>reiterant</strong></span> <span class='ocrx_word' id='word_1_211' title='bbox 871 4073 979 4137; x_wconf 78' lang='lat' dir='ltr'><strong>santerre</strong></span> 
     </span>
     <span class='ocr_line' id='line_1_42' title="bbox 435 4140 981 4205; baseline 0.009 -20"><span class='ocrx_word' id='word_1_212' title='bbox 435 4143 591 4203; x_wconf 83' lang='lat' dir='ltr'><strong>pestemque</strong></span> <span class='ocrx_word' id='word_1_213' title='bbox 603 4155 618 4186; x_wconf 88' lang='lat' dir='ltr'><strong>a</strong></span> <span class='ocrx_word' id='word_1_214' title='bbox 627 4140 730 4204; x_wconf 87' lang='lat' dir='ltr'><strong>papate</strong></span> <span class='ocrx_word' id='word_1_215' title='bbox 743 4145 770 4189; x_wconf 91' lang='lat' dir='ltr'><strong>et</strong></span> <span class='ocrx_word' id='word_1_216' title='bbox 779 4143 906 4205; x_wconf 82' lang='lat' dir='ltr'><strong>principe</strong></span> <span class='ocrx_word' id='word_1_217' title='bbox 916 4140 981 4190; x_wconf 86' lang='lat' dir='ltr'><strong>Cae·</strong></span> 
     </span>
     <span class='ocr_line' id='line_1_43' title="bbox 437 4206 978 4275; baseline 0.004 -20"><span class='ocrx_word' id='word_1_218' title='bbox 437 4221 501 4255; x_wconf 85' lang='lat' dir='ltr'><strong>sare</strong></span> <span class='ocrx_word' id='word_1_219' title='bbox 509 4208 537 4255; x_wconf 78' lang='lat' dir='ltr'><strong>ta</strong></span> <span class='ocrx_word' id='word_1_220' title='bbox 545 4206 643 4255; x_wconf 83' lang='lat' dir='ltr'><strong>Persas</strong></span> <span class='ocrx_word' id='word_1_221' title='bbox 652 4213 736 4275; x_wconf 85' lang='lat' dir='ltr'><strong>atqua</strong></span> <span class='ocrx_word' id='word_1_222' title='bbox 744 4209 893 4258; x_wconf 79' lang='lat' dir='ltr'><strong>Britannos</strong></span> <span class='ocrx_word' id='word_1_223' title='bbox 903 4214 978 4272; x_wconf 79' lang='lat' dir='ltr'><strong>aget.</strong></span> 
     </span>
     <span class='ocr_line' id='line_1_44' title="bbox 437 4273 978 4342; baseline 0.002 -18"><span class='ocrx_word' id='word_1_224' title='bbox 437 4273 534 4324; x_wconf 86' lang='lat' dir='ltr'><strong>Eodem</strong></span> <span class='ocrx_word' id='word_1_225' title='bbox 559 4275 625 4323; x_wconf 90' lang='lat' dir='ltr'><strong>enim</strong></span> <span class='ocrx_word' id='word_1_226' title='bbox 651 4290 717 4325; x_wconf 87' lang='lat' dir='ltr'><strong>anno</strong></span> <span class='ocrx_word' id='word_1_227' title='bbox 743 4278 929 4342; x_wconf 83' lang='lat' dir='ltr'><strong>expeditionem</strong></span> <span class='ocrx_word' id='word_1_228' title='bbox 953 4277 978 4325; x_wconf 93' lang='lat' dir='ltr'><strong>in</strong></span> 
     </span>
     <span class='ocr_line' id='line_1_45' title="bbox 438 4342 979 4411; baseline 0.002 -19"><span class='ocrx_word' id='word_1_229' title='bbox 438 4343 569 4393; x_wconf 87' lang='lat' dir='ltr'><strong>Drientem</strong></span> <span class='ocrx_word' id='word_1_230' title='bbox 583 4342 713 4405; x_wconf 81' lang='lat' dir='ltr'><strong>Augustus</strong></span> <span class='ocrx_word' id='word_1_231' title='bbox 723 4348 834 4411; x_wconf 87' lang='lat' dir='ltr'><strong>parauit,</strong></span> <span class='ocrx_word' id='word_1_232' title='bbox 849 4360 906 4394; x_wconf 77' lang='lat' dir='ltr'><strong>mou</strong></span> <span class='ocrx_word' id='word_1_233' title='bbox 919 4361 979 4394; x_wconf 80' lang='lat' dir='ltr'><strong>exe·</strong></span> 
     </span>
     <span class='ocr_line' id='line_1_46' title="bbox 438 4412 980 4477; baseline 0.002 -17"><span class='ocrx_word' id='word_1_234' title='bbox 438 4412 481 4476; x_wconf 90' lang='lat' dir='ltr'><strong>qui</strong></span> <span class='ocrx_word' id='word_1_235' title='bbox 499 4412 582 4477; x_wconf 88' lang='lat' dir='ltr'><strong>eoepit</strong></span> <span class='ocrx_word' id='word_1_236' title='bbox 604 4412 664 4477; x_wconf 80' lang='lat' dir='ltr'><strong>(Dio</strong></span> <span class='ocrx_word' id='word_1_237' title='bbox 679 4413 744 4463; x_wconf 86' lang='lat' dir='ltr'><strong>Lllll</strong></span> <span class='ocrx_word' id='word_1_238' title='bbox 757 4414 800 4477; x_wconf 83' lang='lat' dir='ltr'><strong>li),</strong></span> <span class='ocrx_word' id='word_1_239' title='bbox 825 4414 917 4462; x_wconf 81' lang='lat' dir='ltr'><strong>bellum</strong></span> <span class='ocrx_word' id='word_1_240' title='bbox 940 4420 980 4461; x_wconf 89' lang='lat' dir='ltr'><strong>ta-</strong></span> 
     </span>
     <span class='ocr_line' id='line_1_47' title="bbox 437 4478 979 4530; baseline 0 -1"><span class='ocrx_word' id='word_1_241' title='bbox 437 4496 493 4530; x_wconf 90' lang='lat' dir='ltr'><strong>men</strong></span> <span class='ocrx_word' id='word_1_242' title='bbox 516 4478 616 4530; x_wconf 88' lang='lat' dir='ltr'><strong>Parthis</strong></span> <span class='ocrx_word' id='word_1_243' title='bbox 638 4481 794 4530; x_wconf 78' lang='lat' dir='ltr'><strong>inserendum</strong></span> <span class='ocrx_word' id='word_1_244' title='bbox 817 4482 914 4530; x_wconf 89' lang='lat' dir='ltr'><strong>auertit</strong></span> <span class='ocrx_word' id='word_1_245' title='bbox 934 4482 979 4529; x_wconf 86' lang='lat' dir='ltr'><strong>ob-</strong></span> 
     </span>
     <span class='ocr_line' id='line_1_48' title="bbox 438 4546 1012 4612; baseline 0.005 -15"><span class='ocrx_word' id='word_1_246' title='bbox 438 4550 506 4598; x_wconf 91' lang='lat' dir='ltr'><strong>uium</strong></span> <span class='ocrx_word' id='word_1_247' title='bbox 526 4548 644 4599; x_wconf 84' lang='lat' dir='ltr'><strong>Prabntis</strong></span> <span class='ocrx_word' id='word_1_248' title='bbox 667 4550 734 4612; x_wconf 78' lang='lat' dir='ltr'><strong>regis</strong></span> <span class='ocrx_word' id='word_1_249' title='bbox 758 4564 817 4609; x_wconf 74' lang='lat' dir='ltr'><strong>erga</strong></span> <span class='ocrx_word' id='word_1_250' title='bbox 840 4548 977 4599; x_wconf 82' lang='lat' dir='ltr'><strong>Caesonem</strong></span> <span class='ocrx_word' id='word_1_251' title='bbox 1008 4546 1012 4553; x_wconf 57' lang='lat'><strong>¹</strong></span> 
     </span>
     <span class='ocr_line' id='line_1_49' title="bbox 438 4617 978 4682; baseline 0.006 -18"><span class='ocrx_word' id='word_1_252' title='bbox 438 4617 595 4682; x_wconf 88' lang='lat' dir='ltr'><strong>obsequium.</strong></span> <span class='ocrx_word' id='word_1_253' title='bbox 617 4617 680 4666; x_wconf 89' lang='lat' dir='ltr'><strong>lline</strong></span> <span class='ocrx_word' id='word_1_254' title='bbox 692 4617 837 4680; x_wconf 83' lang='lat' dir='ltr'><strong>explicatur</strong></span> <span class='ocrx_word' id='word_1_255' title='bbox 848 4618 910 4666; x_wconf 90' lang='lat' dir='ltr'><strong>illud</strong></span> <span class='ocrx_word' id='word_1_256' title='bbox 926 4619 978 4668; x_wconf 84' lang='lat' dir='ltr'><strong>bet-</strong></span> 
     </span>
    </p>
   </div>
   <div class='ocr_carea' id='block_1_12' title="bbox 360 4683 976 4755">
    <p class='ocr_par' dir='ltr' id='par_1_13' title="bbox 360 4683 976 4755">
     <span class='ocr_line' id='line_1_50' title="bbox 360 4683 976 4755; baseline 0.006 -22"><span class='ocrx_word' id='word_1_257' title='bbox 360 4747 364 4755; x_wconf 32' lang='lat'>&#39;</span> <span class='ocrx_word' id='word_1_258' title='bbox 439 4687 494 4735; x_wconf 86' lang='lat' dir='ltr'><strong>turn</strong></span> <span class='ocrx_word' id='word_1_259' title='bbox 519 4690 547 4735; x_wconf 83' lang='lat' dir='ltr'><strong>ia</strong></span> <span class='ocrx_word' id='word_1_260' title='bbox 571 4687 668 4736; x_wconf 81' lang='lat' dir='ltr'><strong>Persas</strong></span> <span class='ocrx_word' id='word_1_261' title='bbox 692 4684 736 4749; x_wconf 91' lang='lat'><strong>(=</strong></span> <span class='ocrx_word' id='word_1_262' title='bbox 758 4683 878 4750; x_wconf 87' lang='lat' dir='ltr'><strong>Parthos)</strong></span> <span class='ocrx_word' id='word_1_263' title='bbox 903 4693 976 4753; x_wconf 78' lang='lat' dir='ltr'><strong>aget.</strong></span> 
     </span>
    </p>
   </div>
   <div class='ocr_carea' id='block_1_13' title="bbox 1144 1581 1567 1838">
    <p class='ocr_par' dir='ltr' id='par_1_14' title="bbox 1144 1581 1567 1838">
     <span class='ocr_line' id='line_1_51' title="bbox 1144 1581 1567 1648; baseline 0 -18"><span class='ocrx_word' id='word_1_264' title='bbox 1144 1581 1256 1648; x_wconf 79' lang='lat' dir='ltr'><strong>Hymnus</strong></span> <span class='ocrx_word' id='word_1_265' title='bbox 1276 1581 1308 1630; x_wconf 88' lang='lat' dir='ltr'><strong>ad</strong></span> <span class='ocrx_word' id='word_1_266' title='bbox 1327 1582 1400 1646; x_wconf 72' lang='lat' dir='ltr'><strong>ehozp</strong></span> <span class='ocrx_word' id='word_1_267' title='bbox 1420 1582 1444 1630; x_wconf 92' lang='lat' dir='ltr'><strong>in</strong></span> <span class='ocrx_word' id='word_1_268' title='bbox 1466 1583 1567 1631; x_wconf 87' lang='lat' dir='ltr'><strong>dianam</strong></span> 
     </span>
     <span class='ocr_line' id='line_1_52' title="bbox 1310 1787 1548 1838; baseline 0 -2"><span class='ocrx_word' id='word_1_269' title='bbox 1310 1787 1334 1836; x_wconf 81' lang='lat'><strong>2.</strong></span> <span class='ocrx_word' id='word_1_270' title='bbox 1356 1787 1454 1837; x_wconf 80' lang='lat' dir='ltr'><strong>cinthia</strong></span> <span class='ocrx_word' id='word_1_271' title='bbox 1465 1787 1548 1838; x_wconf 84' lang='grc' dir='ltr'><em>ΑΒΗ.</em></span> 
     </span>
    </p>
   </div>
   <div class='ocr_carea' id='block_1_14' title="bbox 1024 2008 1569 2336">
    <p class='ocr_par' dir='ltr' id='par_1_15' title="bbox 1024 2008 1569 2336">
     <span class='ocr_line' id='line_1_53' title="bbox 1025 2008 1567 2074; baseline 0 -14"><span class='ocrx_word' id='word_1_272' title='bbox 1025 2008 1096 2074; x_wconf 79' lang='lat' dir='ltr'><strong>Quod</strong></span> <span class='ocrx_word' id='word_1_273' title='bbox 1110 2010 1187 2060; x_wconf 81' lang='lat' dir='ltr'><strong>etiam</strong></span> <span class='ocrx_word' id='word_1_274' title='bbox 1197 2011 1315 2060; x_wconf 77' lang='lat' dir='ltr'><strong>Britanni</strong></span> <span class='ocrx_word' id='word_1_275' title='bbox 1326 2011 1496 2070; x_wconf 89' lang='lat' dir='ltr'><strong>nominantur,</strong></span> <span class='ocrx_word' id='word_1_276' title='bbox 1509 2011 1567 2060; x_wconf 91' lang='lat' dir='ltr'><strong>inde</strong></span> 
     </span>
     <span class='ocr_line' id='line_1_54' title="bbox 1024 2079 1566 2146; baseline 0.004 -18"><span class='ocrx_word' id='word_1_277' title='bbox 1024 2080 1075 2130; x_wconf 90' lang='lat' dir='ltr'><strong>noli</strong></span> <span class='ocrx_word' id='word_1_278' title='bbox 1100 2079 1225 2145; x_wconf 79' lang='lat' dir='ltr'><strong>suspicari</strong></span> <span class='ocrx_word' id='word_1_279' title='bbox 1251 2079 1314 2129; x_wconf 86' lang='lat' dir='ltr'><strong>haee</strong></span> <span class='ocrx_word' id='word_1_280' title='bbox 1338 2081 1433 2146; x_wconf 83' lang='lat' dir='ltr'><strong>scripta</strong></span> <span class='ocrx_word' id='word_1_281' title='bbox 1457 2095 1515 2130; x_wconf 86' lang='lat' dir='ltr'><strong>esse</strong></span> <span class='ocrx_word' id='word_1_282' title='bbox 1540 2095 1566 2130; x_wconf 85' lang='lat' dir='ltr'><strong>a.</strong></span> 
     </span>
     <span class='ocr_line' id='line_1_55' title="bbox 1025 2149 1569 2214; baseline 0 -16"><span class='ocrx_word' id='word_1_283' title='bbox 1025 2149 1085 2212; x_wconf 77' lang='lat'><strong>727,</strong></span> <span class='ocrx_word' id='word_1_284' title='bbox 1107 2164 1156 2213; x_wconf 91' lang='lat' dir='ltr'><strong>qno</strong></span> <span class='ocrx_word' id='word_1_285' title='bbox 1178 2149 1305 2214; x_wconf 84' lang='lat' dir='ltr'><strong>expeditio</strong></span> <span class='ocrx_word' id='word_1_286' title='bbox 1324 2149 1447 2198; x_wconf 89' lang='lat' dir='ltr'><strong>aduersus</strong></span> <span class='ocrx_word' id='word_1_287' title='bbox 1465 2149 1569 2198; x_wconf 87' lang='lat' dir='ltr'><strong>Britan·</strong></span> 
     </span>
     <span class='ocr_line' id='line_1_56' title="bbox 1025 2219 1569 2283; baseline 0 -17"><span class='ocrx_word' id='word_1_288' title='bbox 1025 2233 1070 2267; x_wconf 89' lang='lat' dir='ltr'><strong>nos</strong></span> <span class='ocrx_word' id='word_1_289' title='bbox 1088 2224 1178 2282; x_wconf 88' lang='lat' dir='ltr'><strong>parata</strong></span> <span class='ocrx_word' id='word_1_290' title='bbox 1191 2224 1246 2266; x_wconf 76' lang='lat' dir='ltr'><strong>est=</strong></span> <span class='ocrx_word' id='word_1_291' title='bbox 1267 2224 1327 2266; x_wconf 89' lang='lat' dir='ltr'><strong>tune</strong></span> <span class='ocrx_word' id='word_1_292' title='bbox 1345 2219 1412 2268; x_wconf 85' lang='lat' dir='ltr'><strong>e&#39;nim</strong></span> <span class='ocrx_word' id='word_1_293' title='bbox 1430 2233 1511 2282; x_wconf 88' lang='lat' dir='ltr'><strong>neque</strong></span> <span class='ocrx_word' id='word_1_294' title='bbox 1527 2233 1569 2283; x_wconf 91' lang='lat' dir='ltr'><strong>pe-</strong></span> 
     </span>
     <span class='ocr_line' id='line_1_57' title="bbox 1024 2285 1568 2336; baseline -0.002 0"><span class='ocrx_word' id='word_1_295' title='bbox 1024 2286 1072 2336; x_wconf 88' lang='lat' dir='ltr'><strong>stis</strong></span> <span class='ocrx_word' id='word_1_296' title='bbox 1094 2285 1144 2335; x_wconf 86' lang='lat' dir='ltr'><strong>tuit</strong></span> <span class='ocrx_word' id='word_1_297' title='bbox 1166 2301 1212 2335; x_wconf 90' lang='lat' dir='ltr'><strong>nee</strong></span> <span class='ocrx_word' id='word_1_298' title='bbox 1237 2285 1326 2336; x_wconf 81' lang='lat' dir='ltr'><strong>lantes.</strong></span> <span class='ocrx_word' id='word_1_299' title='bbox 1356 2285 1431 2336; x_wconf 89' lang='lat' dir='ltr'><strong>lmmo</strong></span> <span class='ocrx_word' id='word_1_300' title='bbox 1452 2287 1568 2336; x_wconf 88' lang='lat' dir='ltr'><strong>Britanni</strong></span> 
     </span>
    </p>
   </div>
   <div class='ocr_carea' id='block_1_15' title="bbox 1016 2354 1568 2421">
    <p class='ocr_par' dir='ltr' id='par_1_16' title="bbox 1016 2354 1568 2421">
     <span class='ocr_line' id='line_1_58' title="bbox 1016 2354 1568 2421; baseline 0.002 -17"><span class='ocrx_word' id='word_1_301' title='bbox 1016 2362 1151 2419; x_wconf 83' lang='lat' dir='ltr'><strong>‚tamquam</strong></span> <span class='ocrx_word' id='word_1_302' title='bbox 1165 2354 1252 2404; x_wconf 87' lang='lat' dir='ltr'><strong>hostes</strong></span> <span class='ocrx_word' id='word_1_303' title='bbox 1265 2355 1390 2417; x_wconf 84' lang='lat' dir='ltr'><strong>extremi,</strong></span> <span class='ocrx_word' id='word_1_304' title='bbox 1410 2355 1452 2420; x_wconf 88' lang='lat' dir='ltr'><strong>qui</strong></span> <span class='ocrx_word' id='word_1_305' title='bbox 1465 2362 1568 2421; x_wconf 89' lang='lat' dir='ltr'><strong>praeter</strong></span> 
     </span>
    </p>
   </div>
   <div class='ocr_carea' id='block_1_16' title="bbox 1023 2421 1571 3455">
    <p class='ocr_par' dir='ltr' id='par_1_17' title="bbox 1023 2421 1571 2819">
     <span class='ocr_line' id='line_1_59' title="bbox 1024 2421 1567 2484; baseline 0.002 -11"><span class='ocrx_word' id='word_1_306' title='bbox 1024 2423 1133 2473; x_wconf 83' lang='lat' dir='ltr'><strong>Parthos</strong></span> <span class='ocrx_word' id='word_1_307' title='bbox 1145 2437 1217 2473; x_wconf 81' lang='lat' dir='ltr'><strong>arnna</strong></span> <span class='ocrx_word' id='word_1_308' title='bbox 1231 2421 1397 2474; x_wconf 83' lang='lat' dir='ltr'><strong>Romanorum</strong></span> <span class='ocrx_word' id='word_1_309' title='bbox 1416 2424 1567 2484; x_wconf 84' lang='lat' dir='ltr'><strong>inniterent,</strong></span> 
     </span>
     <span class='ocr_line' id='line_1_60' title="bbox 1024 2491 1568 2558; baseline 0.004 -18"><span class='ocrx_word' id='word_1_310' title='bbox 1024 2507 1090 2542; x_wconf 87' lang='lat' dir='ltr'><strong>nune</strong></span> <span class='ocrx_word' id='word_1_311' title='bbox 1102 2499 1291 2542; x_wconf 86' lang='lat' dir='ltr'><strong>memorantur:</strong></span> <span class='ocrx_word' id='word_1_312' title='bbox 1310 2508 1365 2542; x_wconf 91' lang='lat' dir='ltr'><strong>nam</strong></span> <span class='ocrx_word' id='word_1_313' title='bbox 1380 2493 1404 2542; x_wconf 95' lang='lat' dir='ltr'><strong>in</strong></span> <span class='ocrx_word' id='word_1_314' title='bbox 1417 2491 1503 2558; x_wconf 91' lang='lat' dir='ltr'><strong>priore</strong></span> <span class='ocrx_word' id='word_1_315' title='bbox 1516 2493 1568 2542; x_wconf 90' lang='lat' dir='ltr'><strong>Au·</strong></span> 
     </span>
     <span class='ocr_line' id='line_1_61' title="bbox 1024 2559 1568 2626; baseline 0 -16"><span class='ocrx_word' id='word_1_316' title='bbox 1024 2561 1093 2624; x_wconf 76' lang='lat' dir='ltr'><strong>gusti</strong></span> <span class='ocrx_word' id='word_1_317' title='bbox 1111 2561 1291 2626; x_wconf 83' lang='lat' dir='ltr'><strong>expeditione,</strong></span> <span class='ocrx_word' id='word_1_318' title='bbox 1312 2577 1386 2626; x_wconf 87' lang='lat' dir='ltr'><strong>quam</strong></span> <span class='ocrx_word' id='word_1_319' title='bbox 1409 2561 1435 2611; x_wconf 93' lang='lat' dir='ltr'><strong>in</strong></span> <span class='ocrx_word' id='word_1_320' title='bbox 1458 2559 1568 2612; x_wconf 86' lang='lat' dir='ltr'><strong>Galliam</strong></span> 
     </span>
     <span class='ocr_line' id='line_1_62' title="bbox 1023 2630 1571 2696; baseline 0 -17"><span class='ocrx_word' id='word_1_321' title='bbox 1023 2630 1220 2696; x_wconf 74' lang='lat' dir='ltr'><strong>Hispaniamque</strong></span> <span class='ocrx_word' id='word_1_322' title='bbox 1235 2630 1347 2692; x_wconf 82' lang='lat' dir='ltr'><strong>iecerat,</strong></span> <span class='ocrx_word' id='word_1_323' title='bbox 1366 2631 1482 2680; x_wconf 86' lang='lat' dir='ltr'><strong>Britanni</strong></span> <span class='ocrx_word' id='word_1_324' title='bbox 1496 2641 1571 2695; x_wconf 31' lang='lat' dir='ltr'><strong>sep-o-</strong></span> 
     </span>
     <span class='ocr_line' id='line_1_63' title="bbox 1023 2698 1568 2765; baseline -0.002 -16"><span class='ocrx_word' id='word_1_325' title='bbox 1023 2698 1067 2749; x_wconf 90' lang='lat' dir='ltr'><strong>siti</strong></span> <span class='ocrx_word' id='word_1_326' title='bbox 1091 2699 1176 2765; x_wconf 88' lang='lat' dir='ltr'><strong>potius</strong></span> <span class='ocrx_word' id='word_1_327' title='bbox 1201 2714 1274 2765; x_wconf 90' lang='lat' dir='ltr'><strong>quam</strong></span> <span class='ocrx_word' id='word_1_328' title='bbox 1299 2699 1386 2748; x_wconf 86' lang='lat' dir='ltr'><strong>omissi</strong></span> <span class='ocrx_word' id='word_1_329' title='bbox 1412 2715 1469 2750; x_wconf 87' lang='lat' dir='ltr'><strong>ease</strong></span> <span class='ocrx_word' id='word_1_330' title='bbox 1493 2699 1568 2749; x_wconf 90' lang='lat' dir='ltr'><strong>nide-</strong></span> 
     </span>
     <span class='ocr_line' id='line_1_64' title="bbox 1023 2768 1452 2819; baseline -0.009 -1"><span class='ocrx_word' id='word_1_331' title='bbox 1023 2768 1126 2819; x_wconf 89' lang='lat' dir='ltr'><strong>bautnr.</strong></span> <span class='ocrx_word' id='word_1_332' title='bbox 1448 2775 1452 2783; x_wconf 94' lang='grc'><strong><em>·</em></strong></span> 
     </span>
    </p>

    <p class='ocr_par' dir='ltr' id='par_1_18' title="bbox 1023 2834 1568 3455">
     <span class='ocr_line' id='line_1_65' title="bbox 1076 2834 1566 2901; baseline -0.004 -14"><span class='ocrx_word' id='word_1_333' title='bbox 1076 2834 1147 2901; x_wconf 78' lang='lat' dir='ltr'><strong>Quod</strong></span> <span class='ocrx_word' id='word_1_334' title='bbox 1161 2838 1254 2887; x_wconf 86' lang='lat' dir='ltr'><strong>attinet</strong></span> <span class='ocrx_word' id='word_1_335' title='bbox 1268 2838 1299 2887; x_wconf 89' lang='lat' dir='ltr'><strong>ad</strong></span> <span class='ocrx_word' id='word_1_336' title='bbox 1315 2836 1420 2887; x_wconf 78' lang='lat' dir='ltr'><strong>formam</strong></span> <span class='ocrx_word' id='word_1_337' title='bbox 1434 2836 1566 2899; x_wconf 77' lang='lat' dir='ltr'><strong>carminis5</strong></span> 
     </span>
     <span class='ocr_line' id='line_1_66' title="bbox 1023 2904 1568 2971; baseline 0 -16"><span class='ocrx_word' id='word_1_338' title='bbox 1023 2921 1144 2971; x_wconf 77' lang='lat' dir='ltr'><strong>paeonem</strong></span> <span class='ocrx_word' id='word_1_339' title='bbox 1159 2906 1280 2955; x_wconf 83' lang='lat' dir='ltr'><strong>Proculus</strong></span> <span class='ocrx_word' id='word_1_340' title='bbox 1299 2905 1396 2971; x_wconf 88' lang='lat' dir='ltr'><strong>(editus</strong></span> <span class='ocrx_word' id='word_1_341' title='bbox 1414 2906 1479 2970; x_wconf 87' lang='lat' dir='ltr'><strong>apud</strong></span> <span class='ocrx_word' id='word_1_342' title='bbox 1495 2904 1568 2955; x_wconf 85' lang='lat' dir='ltr'><strong>Gais-</strong></span> 
     </span>
     <span class='ocr_line' id='line_1_67' title="bbox 1025 2974 1568 3041; baseline 0 -18"><span class='ocrx_word' id='word_1_343' title='bbox 1025 2974 1134 3024; x_wconf 89' lang='lat' dir='ltr'><strong>iordium</strong></span> <span class='ocrx_word' id='word_1_344' title='bbox 1159 2982 1216 3041; x_wconf 90' lang='lat' dir='ltr'><strong>post</strong></span> <span class='ocrx_word' id='word_1_345' title='bbox 1241 2974 1372 3025; x_wconf 77' lang='lat' dir='ltr'><strong>Enaehirid.</strong></span> <span class='ocrx_word' id='word_1_346' title='bbox 1400 2974 1568 3038; x_wconf 88' lang='lat' dir='ltr'><strong>Hephaestio-</strong></span> 
     </span>
     <span class='ocr_line' id='line_1_68' title="bbox 1025 3036 1568 3107; baseline -0.004 -14"><span class='ocrx_word' id='word_1_347' title='bbox 1025 3044 1063 3093; x_wconf 92' lang='lat' dir='ltr'><strong>nis</strong></span> <span class='ocrx_word' id='word_1_348' title='bbox 1096 3058 1151 3107; x_wconf 80' lang='lat' dir='ltr'><strong>pag.</strong></span> <span class='ocrx_word' id='word_1_349' title='bbox 1179 3044 1240 3105; x_wconf 76' lang='lat'>419)</span> <span class='ocrx_word' id='word_1_350' title='bbox 1271 3044 1309 3093; x_wconf 86' lang='lat' dir='ltr'><strong>sie</strong></span> <span class='ocrx_word' id='word_1_351' title='bbox 1334 3044 1467 3093; x_wconf 90' lang='lat' dir='ltr'><strong>deliniuit:</strong></span> <span class='ocrx_word' id='word_1_352' title='bbox 1499 3036 1513 3091; x_wconf 86' lang='grc' dir='ltr'><strong>ὁ</strong></span> <span class='ocrx_word' id='word_1_353' title='bbox 1538 3039 1568 3092; x_wconf 74' lang='lat' dir='ltr'><strong>dd</strong></span> 
     </span>
     <span class='ocr_line' id='line_1_69' title="bbox 1025 3104 1568 3177; baseline 0.002 -17"><span class='ocrx_word' id='word_1_354' title='bbox 1025 3105 1115 3161; x_wconf 79' lang='grc' dir='ltr'><strong>παὶἆν</strong></span> <span class='ocrx_word' id='word_1_355' title='bbox 1133 3110 1208 3161; x_wconf 78' lang='grc' dir='ltr'><strong><em>ἔστιν</em></strong></span> <span class='ocrx_word' id='word_1_356' title='bbox 1228 3108 1301 3169; x_wconf 75' lang='grc' dir='ltr'><em>εἶδος</em></span> <span class='ocrx_word' id='word_1_357' title='bbox 1321 3107 1394 3177; x_wconf 81' lang='grc' dir='ltr'><strong>ᾠδῆς</strong></span> <span class='ocrx_word' id='word_1_358' title='bbox 1406 3112 1445 3167; x_wconf 75' lang='grc' dir='ltr'><strong>εἰς</strong></span> <span class='ocrx_word' id='word_1_359' title='bbox 1458 3104 1568 3167; x_wconf 66' lang='grc' dir='ltr'><strong><em>πάντας</em></strong></span> 
     </span>
     <span class='ocr_line' id='line_1_70' title="bbox 1023 3174 1568 3249; baseline -0.006 -18"><span class='ocrx_word' id='word_1_360' title='bbox 1023 3182 1074 3231; x_wconf 79' lang='grc' dir='ltr'><strong>νῦν</strong></span> <span class='ocrx_word' id='word_1_361' title='bbox 1092 3175 1272 3249; x_wconf 73' lang='grc' dir='ltr'><em>γραφόμενος</em></span> <span class='ocrx_word' id='word_1_362' title='bbox 1289 3176 1387 3245; x_wconf 74' lang='grc' dir='ltr'><em>θεούς,</em></span> <span class='ocrx_word' id='word_1_363' title='bbox 1412 3174 1441 3229; x_wconf 84' lang='grc' dir='ltr'><strong>τὸ</strong></span> <span class='ocrx_word' id='word_1_364' title='bbox 1462 3178 1492 3231; x_wconf 71' lang='lat' dir='ltr'><strong>dd</strong></span> <span class='ocrx_word' id='word_1_365' title='bbox 1511 3196 1568 3229; x_wconf 84' lang='grc' dir='ltr'><strong>πα-</strong></span> 
     </span>
     <span class='ocr_line' id='line_1_71' title="bbox 1025 3243 1568 3317; baseline -0.004 -18"><span class='ocrx_word' id='word_1_366' title='bbox 1025 3244 1103 3299; x_wconf 76' lang='grc' dir='ltr'><strong><em>λαιὸν</em></strong></span> <span class='ocrx_word' id='word_1_367' title='bbox 1128 3248 1206 3305; x_wconf 73' lang='grc' dir='ltr'><em>ἰδίως</em></span> <span class='ocrx_word' id='word_1_368' title='bbox 1231 3244 1385 3317; x_wconf 59' lang='lat' dir='ltr'><strong>&amp;nordanae</strong></span> <span class='ocrx_word' id='word_1_369' title='bbox 1410 3250 1449 3313; x_wconf 80' lang='grc' dir='ltr'><strong>τῷ</strong></span> <span class='ocrx_word' id='word_1_370' title='bbox 1468 3243 1568 3301; x_wconf 77' lang='lat' dir='ltr'><strong>&#39;Anta-</strong></span> 
     </span>
     <span class='ocr_line' id='line_1_72' title="bbox 1025 3312 1568 3388; baseline -0.004 -21"><span class='ocrx_word' id='word_1_371' title='bbox 1025 3320 1091 3368; x_wconf 84' lang='grc' dir='ltr'><em>λωνι</em></span> <span class='ocrx_word' id='word_1_372' title='bbox 1112 3318 1159 3367; x_wconf 82' lang='grc' dir='ltr'><strong>καὶ</strong></span> <span class='ocrx_word' id='word_1_373' title='bbox 1181 3318 1214 3388; x_wconf 79' lang='grc' dir='ltr'><strong>τῇ</strong></span> <span class='ocrx_word' id='word_1_374' title='bbox 1234 3312 1391 3385; x_wconf 78' lang='grc' dir='ltr'><strong><em>Ἀρτέμιδι,</em></strong></span> <span class='ocrx_word' id='word_1_375' title='bbox 1415 3316 1463 3367; x_wconf 74' lang='lat' dir='ltr'><strong>trel</strong></span> <span class='ocrx_word' id='word_1_376' title='bbox 1483 3334 1568 3367; x_wconf 81' lang='grc' dir='ltr'><strong><em>κατα-</em></strong></span> 
     </span>
     <span class='ocr_line' id='line_1_73' title="bbox 1025 3380 1565 3455; baseline -0.002 -19"><span class='ocrx_word' id='word_1_377' title='bbox 1025 3380 1129 3447; x_wconf 70' lang='grc' dir='ltr'><strong><em>παύσει</em></strong></span> <span class='ocrx_word' id='word_1_378' title='bbox 1142 3387 1247 3455; x_wconf 75' lang='grc' dir='ltr'><em>λοιμῶν</em></span> <span class='ocrx_word' id='word_1_379' title='bbox 1258 3388 1306 3437; x_wconf 81' lang='grc' dir='ltr'><strong>καὶ</strong></span> <span class='ocrx_word' id='word_1_380' title='bbox 1318 3384 1409 3438; x_wconf 79' lang='grc' dir='ltr'>νόσων</span> <span class='ocrx_word' id='word_1_381' title='bbox 1422 3381 1565 3455; x_wconf 55' lang='lat' dir='ltr'><strong>adiperos.</strong></span> 
     </span>
    </p>
   </div>
   <div class='ocr_carea' id='block_1_17' title="bbox 1023 3488 1569 4157">
    <p class='ocr_par' dir='ltr' id='par_1_19' title="bbox 1023 3488 1569 4157">
     <span class='ocr_line' id='line_1_74' title="bbox 1078 3488 1569 3555; baseline -0.002 -18"><span class='ocrx_word' id='word_1_382' title='bbox 1078 3489 1100 3539; x_wconf 86' lang='lat' dir='ltr'><strong>l.</strong></span> <span class='ocrx_word' id='word_1_383' title='bbox 1120 3490 1280 3539; x_wconf 80' lang='lat' dir='ltr'><strong>Dianam-</strong></span> <span class='ocrx_word' id='word_1_384' title='bbox 1289 3492 1426 3555; x_wconf 80' lang='lat' dir='ltr'><strong>ur&#39;rge&#39;nes:</strong></span> <span class='ocrx_word' id='word_1_385' title='bbox 1441 3488 1497 3554; x_wconf 88' lang='lat' dir='ltr'><strong>quis</strong></span> <span class='ocrx_word' id='word_1_386' title='bbox 1510 3490 1569 3537; x_wconf 89' lang='lat' dir='ltr'><strong>hor-</strong></span> 
     </span>
     <span class='ocr_line' id='line_1_75' title="bbox 1024 3559 1566 3623; baseline -0.004 -16"><span class='ocrx_word' id='word_1_387' title='bbox 1024 3564 1096 3607; x_wconf 86' lang='lat' dir='ltr'><strong>tatur</strong></span> <span class='ocrx_word' id='word_1_388' title='bbox 1109 3559 1223 3623; x_wconf 81' lang='lat' dir='ltr'><strong>uirgines</strong></span> <span class='ocrx_word' id='word_1_389' title='bbox 1242 3566 1268 3609; x_wconf 90' lang='lat' dir='ltr'><strong>et</strong></span> <span class='ocrx_word' id='word_1_390' title='bbox 1286 3574 1394 3623; x_wconf 88' lang='lat' dir='ltr'><strong>pueros,</strong></span> <span class='ocrx_word' id='word_1_391' title='bbox 1414 3564 1443 3607; x_wconf 90' lang='lat' dir='ltr'><strong>ut</strong></span> <span class='ocrx_word' id='word_1_392' title='bbox 1464 3572 1566 3605; x_wconf 85' lang='lat' dir='ltr'><strong>carmen</strong></span> 
     </span>
     <span class='ocr_line' id='line_1_76' title="bbox 1024 3626 1568 3691; baseline -0.002 -17"><span class='ocrx_word' id='word_1_393' title='bbox 1024 3626 1049 3675; x_wconf 93' lang='lat' dir='ltr'><strong>iu</strong></span> <span class='ocrx_word' id='word_1_394' title='bbox 1060 3628 1166 3677; x_wconf 88' lang='lat' dir='ltr'><strong>Dianam</strong></span> <span class='ocrx_word' id='word_1_395' title='bbox 1178 3636 1204 3677; x_wconf 91' lang='lat' dir='ltr'><strong>et</strong></span> <span class='ocrx_word' id='word_1_396' title='bbox 1214 3626 1355 3691; x_wconf 77' lang='lat' dir='ltr'><strong>Apollinem</strong></span> <span class='ocrx_word' id='word_1_397' title='bbox 1368 3628 1417 3675; x_wconf 89' lang='lat' dir='ltr'><strong>rite</strong></span> <span class='ocrx_word' id='word_1_398' title='bbox 1427 3627 1568 3690; x_wconf 77' lang='lat' dir='ltr'><strong>peragant?</strong></span> 
     </span>
     <span class='ocr_line' id='line_1_77' title="bbox 1023 3690 1567 3761; baseline -0.011 -17"><span class='ocrx_word' id='word_1_399' title='bbox 1023 3695 1072 3745; x_wconf 82' lang='lat' dir='ltr'><strong>Est</strong></span> <span class='ocrx_word' id='word_1_400' title='bbox 1089 3697 1193 3761; x_wconf 90' lang='lat' dir='ltr'><strong>praesul</strong></span> <span class='ocrx_word' id='word_1_401' title='bbox 1212 3696 1331 3744; x_wconf 87' lang='lat' dir='ltr'><strong>carminis</strong></span> <span class='ocrx_word' id='word_1_402' title='bbox 1350 3700 1376 3743; x_wconf 88' lang='lat' dir='ltr'><strong>et</strong></span> <span class='ocrx_word' id='word_1_403' title='bbox 1393 3692 1478 3753; x_wconf 82' lang='lat' dir='ltr'><strong>olori,</strong></span> <span class='ocrx_word' id='word_1_404' title='bbox 1497 3690 1567 3747; x_wconf 70' lang='grc' dir='ltr'><strong>ὁίξ-</strong></span> 
     </span>
     <span class='ocr_line' id='line_1_78' title="bbox 1024 3760 1566 3831; baseline -0.011 -18"><span class='ocrx_word' id='word_1_405' title='bbox 1024 3761 1119 3831; x_wconf 77' lang='grc' dir='ltr'><em>ἅρχων</em></span> <span class='ocrx_word' id='word_1_406' title='bbox 1143 3766 1259 3815; x_wconf 77' lang='grc' dir='ltr'><strong><em>παιᾶνα.</em></strong></span> <span class='ocrx_word' id='word_1_407' title='bbox 1292 3762 1399 3811; x_wconf 86' lang='lat' dir='ltr'><strong>Dianam</strong></span> <span class='ocrx_word' id='word_1_408' title='bbox 1424 3775 1488 3807; x_wconf 90' lang='lat' dir='ltr'><strong>nouo</strong></span> <span class='ocrx_word' id='word_1_409' title='bbox 1514 3760 1566 3808; x_wconf 90' lang='lat' dir='ltr'><strong>ritu</strong></span> 
     </span>
     <span class='ocr_line' id='line_1_79' title="bbox 1023 3829 1567 3899; baseline -0.013 -18"><span class='ocrx_word' id='word_1_410' title='bbox 1023 3848 1068 3899; x_wconf 91' lang='lat' dir='ltr'><strong>pro</strong></span> <span class='ocrx_word' id='word_1_411' title='bbox 1082 3832 1234 3883; x_wconf 84' lang='lat' dir='ltr'><strong>Graecorum</strong></span> <span class='ocrx_word' id='word_1_412' title='bbox 1248 3830 1376 3880; x_wconf 85' lang='lat' dir='ltr'><strong>Artemide</strong></span> <span class='ocrx_word' id='word_1_413' title='bbox 1396 3829 1495 3891; x_wconf 85' lang='lat' dir='ltr'><strong>aceepit</strong></span> <span class='ocrx_word' id='word_1_414' title='bbox 1508 3843 1567 3892; x_wconf 90' lang='lat' dir='ltr'><strong>poe-</strong></span> 
     </span>
     <span class='ocr_line' id='line_1_80' title="bbox 1024 3897 1566 3961; baseline -0.011 -10"><span class='ocrx_word' id='word_1_415' title='bbox 1024 3910 1049 3951; x_wconf 86' lang='lat' dir='ltr'><strong>ta</strong></span> <span class='ocrx_word' id='word_1_416' title='bbox 1076 3910 1102 3951; x_wconf 93' lang='lat' dir='ltr'><strong>et</strong></span> <span class='ocrx_word' id='word_1_417' title='bbox 1126 3917 1190 3950; x_wconf 92' lang='lat' dir='ltr'><strong>noua</strong></span> <span class='ocrx_word' id='word_1_418' title='bbox 1216 3908 1305 3961; x_wconf 87' lang='lat' dir='ltr'><strong>aetas,</strong></span> <span class='ocrx_word' id='word_1_419' title='bbox 1332 3912 1385 3945; x_wconf 86' lang='lat' dir='ltr'><strong>oum</strong></span> <span class='ocrx_word' id='word_1_420' title='bbox 1409 3898 1434 3945; x_wconf 92' lang='lat' dir='ltr'><strong>in</strong></span> <span class='ocrx_word' id='word_1_421' title='bbox 1460 3897 1566 3961; x_wconf 89' lang='lat' dir='ltr'><strong>antiqua</strong></span> 
     </span>
     <span class='ocr_line' id='line_1_81' title="bbox 1023 3964 1566 4031; baseline -0.007 -12"><span class='ocrx_word' id='word_1_422' title='bbox 1023 3970 1152 4031; x_wconf 80' lang='lat' dir='ltr'><strong>theologia</strong></span> <span class='ocrx_word' id='word_1_423' title='bbox 1167 3968 1333 4017; x_wconf 86' lang='lat' dir='ltr'><strong>Romanorum</strong></span> <span class='ocrx_word' id='word_1_424' title='bbox 1348 3972 1416 4015; x_wconf 88' lang='lat' dir='ltr'><strong>esset</strong></span> <span class='ocrx_word' id='word_1_425' title='bbox 1436 3964 1500 4015; x_wconf 85' lang='lat' dir='ltr'><strong>lueis</strong></span> <span class='ocrx_word' id='word_1_426' title='bbox 1518 3966 1566 4015; x_wconf 88' lang='lat' dir='ltr'><strong>dea</strong></span> 
     </span>
     <span class='ocr_line' id='line_1_82' title="bbox 1024 4034 1564 4092; baseline -0.009 -4"><span class='ocrx_word' id='word_1_427' title='bbox 1024 4046 1050 4088; x_wconf 90' lang='lat' dir='ltr'><strong>et</strong></span> <span class='ocrx_word' id='word_1_428' title='bbox 1062 4040 1127 4088; x_wconf 60' lang='lat' dir='ltr'><strong>lerna</strong></span> <span class='ocrx_word' id='word_1_429' title='bbox 1141 4037 1203 4085; x_wconf 90' lang='lat' dir='ltr'><strong>mari</strong></span> <span class='ocrx_word' id='word_1_430' title='bbox 1217 4034 1375 4092; x_wconf 88' lang='lat' dir='ltr'><strong>conueniret,</strong></span> <span class='ocrx_word' id='word_1_431' title='bbox 1394 4034 1460 4083; x_wconf 92' lang='lat' dir='ltr'><strong>unde</strong></span> <span class='ocrx_word' id='word_1_432' title='bbox 1475 4050 1564 4083; x_wconf 89' lang='lat' dir='ltr'><strong>nomen</strong></span> 
     </span>
     <span class='ocr_line' id='line_1_83' title="bbox 1023 4104 1443 4157; baseline -0.012 -1"><span class='ocrx_word' id='word_1_433' title='bbox 1023 4109 1078 4157; x_wconf 88' lang='lat' dir='ltr'><strong>eius</strong></span> <span class='ocrx_word' id='word_1_434' title='bbox 1093 4106 1142 4155; x_wconf 86' lang='lat' dir='ltr'><strong>dea</strong></span> <span class='ocrx_word' id='word_1_435' title='bbox 1155 4106 1220 4154; x_wconf 86' lang='lat' dir='ltr'><strong>lana</strong></span> <span class='ocrx_word' id='word_1_436' title='bbox 1234 4112 1259 4153; x_wconf 87' lang='lat' dir='ltr'><strong>et</strong></span> <span class='ocrx_word' id='word_1_437' title='bbox 1272 4104 1329 4153; x_wconf 82' lang='lat' dir='ltr'><strong>ltine</strong></span> <span class='ocrx_word' id='word_1_438' title='bbox 1341 4104 1443 4153; x_wconf 76' lang='lat' dir='ltr'><strong>Diana.</strong></span> 
     </span>
    </p>
   </div>
   <div class='ocr_carea' id='block_1_18' title="bbox 1020 4203 1567 4755">
    <p class='ocr_par' dir='ltr' id='par_1_20' title="bbox 1020 4203 1567 4755">
     <span class='ocr_line' id='line_1_84' title="bbox 1075 4203 1562 4273; baseline -0.008 -17"><span class='ocrx_word' id='word_1_439' title='bbox 1075 4208 1101 4256; x_wconf 84' lang='lat'><strong>2.</strong></span> <span class='ocrx_word' id='word_1_440' title='bbox 1115 4211 1250 4257; x_wconf 81' lang='lat' dir='ltr'><strong>intensam</strong></span> <span class='ocrx_word' id='word_1_441' title='bbox 1259 4234 1292 4242; x_wconf 95' lang='lat'><em>-</em></span> <span class='ocrx_word' id='word_1_442' title='bbox 1304 4206 1471 4273; x_wconf 69' lang='lat' dir='ltr'><strong>Cynthium:</strong></span> <span class='ocrx_word' id='word_1_443' title='bbox 1483 4203 1562 4269; x_wconf 83' lang='lat' dir='ltr'><strong>Dpod.</strong></span> 
     </span>
     <span class='ocr_line' id='line_1_85' title="bbox 1025 4274 1566 4341; baseline -0.007 -16"><span class='ocrx_word' id='word_1_444' title='bbox 1025 4277 1055 4325; x_wconf 86' lang='lat'><strong>15</strong></span> <span class='ocrx_word' id='word_1_445' title='bbox 1075 4276 1107 4325; x_wconf 82' lang='lat'><strong>9:</strong></span> <span class='ocrx_word' id='word_1_446' title='bbox 1130 4280 1306 4341; x_wconf 83' lang='lat' dir='ltr'><strong>intonsasque</strong></span> <span class='ocrx_word' id='word_1_447' title='bbox 1324 4278 1445 4341; x_wconf 78' lang='lat' dir='ltr'><strong>agitarit</strong></span> <span class='ocrx_word' id='word_1_448' title='bbox 1462 4274 1566 4338; x_wconf 81' lang='lat' dir='ltr'><strong>Apelli-</strong></span> 
     </span>
     <span class='ocr_line' id='line_1_86' title="bbox 1022 4344 1567 4415; baseline -0.007 -22"><span class='ocrx_word' id='word_1_449' title='bbox 1022 4348 1064 4394; x_wconf 62' lang='grc' dir='ltr'><strong>αἱς</strong></span> <span class='ocrx_word' id='word_1_450' title='bbox 1077 4360 1147 4415; x_wconf 77' lang='lat' dir='ltr'><strong>uara</strong></span> <span class='ocrx_word' id='word_1_451' title='bbox 1161 4346 1288 4407; x_wconf 85' lang='lat' dir='ltr'><strong>eaptttes,·</strong></span> <span class='ocrx_word' id='word_1_452' title='bbox 1304 4344 1335 4394; x_wconf 98' lang='lat' dir='ltr'><strong>lll</strong></span> <span class='ocrx_word' id='word_1_453' title='bbox 1350 4345 1366 4393; x_wconf 87' lang='grc'>4</span> <span class='ocrx_word' id='word_1_454' title='bbox 1380 4344 1408 4393; x_wconf 86' lang='grc'><strong>61</strong></span> <span class='ocrx_word' id='word_1_455' title='bbox 1423 4362 1428 4389; x_wconf 83' lang='lat'>=</span> <span class='ocrx_word' id='word_1_456' title='bbox 1444 4349 1494 4409; x_wconf 85' lang='lat' dir='ltr'><strong>qut</strong></span> <span class='ocrx_word' id='word_1_457' title='bbox 1505 4356 1567 4391; x_wconf 85' lang='lat' dir='ltr'><strong>rore</strong></span> 
     </span>
     <span class='ocr_line' id='line_1_87' title="bbox 1020 4412 1564 4479; baseline -0.004 -18"><span class='ocrx_word' id='word_1_458' title='bbox 1020 4428 1091 4479; x_wconf 78' lang='lat' dir='ltr'><strong>petro</strong></span> <span class='ocrx_word' id='word_1_459' title='bbox 1107 4414 1246 4464; x_wconf 81' lang='lat' dir='ltr'><strong>Castaliae</strong></span> <span class='ocrx_word' id='word_1_460' title='bbox 1266 4414 1338 4463; x_wconf 82' lang='lat' dir='ltr'><strong>lauit</strong></span> <span class='ocrx_word' id='word_1_461' title='bbox 1351 4416 1437 4461; x_wconf 73' lang='lat' dir='ltr'><strong>erdnes</strong></span> <span class='ocrx_word' id='word_1_462' title='bbox 1450 4412 1564 4461; x_wconf 85' lang='lat' dir='ltr'><strong>salutes.</strong></span> 
     </span>
     <span class='ocr_line' id='line_1_88' title="bbox 1024 4474 1566 4545; baseline -0.009 -13"><span class='ocrx_word' id='word_1_463' title='bbox 1024 4482 1131 4532; x_wconf 88' lang='lat' dir='ltr'><strong>Homero</strong></span> <span class='ocrx_word' id='word_1_464' title='bbox 1146 4482 1174 4533; x_wconf 86' lang='lat' dir='ltr'><strong>ll.</strong></span> <span class='ocrx_word' id='word_1_465' title='bbox 1187 4486 1212 4531; x_wconf 90' lang='lat' dir='ltr'><strong><em>Y</em></strong></span> <span class='ocrx_word' id='word_1_466' title='bbox 1223 4482 1255 4531; x_wconf 82' lang='lat'><strong>39</strong></span> <span class='ocrx_word' id='word_1_467' title='bbox 1275 4490 1315 4533; x_wconf 91' lang='lat' dir='ltr'><strong>est</strong></span> <span class='ocrx_word' id='word_1_468' title='bbox 1335 4484 1436 4545; x_wconf 79' lang='grc' dir='ltr'><strong><em>Φοῖβος</em></strong></span> <span class='ocrx_word' id='word_1_469' title='bbox 1452 4474 1566 4544; x_wconf 77' lang='grc' dir='ltr'><em>ἀκερσε-</em></span> 
     </span>
     <span class='ocr_line' id='line_1_89' title="bbox 1021 4542 1566 4631; baseline -0.011 -30"><span class='ocrx_word' id='word_1_470' title='bbox 1021 4544 1116 4631; x_wconf 70' lang='grc' dir='ltr'><em>κόμης,</em></span> <span class='ocrx_word' id='word_1_471' title='bbox 1131 4551 1197 4616; x_wconf 87' lang='lat' dir='ltr'><strong>apud</strong></span> <span class='ocrx_word' id='word_1_472' title='bbox 1212 4551 1285 4601; x_wconf 88' lang='lat' dir='ltr'><strong>Piud.</strong></span> <span class='ocrx_word' id='word_1_473' title='bbox 1301 4550 1328 4601; x_wconf 89' lang='lat' dir='ltr'><strong>P.</strong></span> <span class='ocrx_word' id='word_1_474' title='bbox 1344 4550 1377 4600; x_wconf 97' lang='lat' dir='ltr'><strong>lll</strong></span> <span class='ocrx_word' id='word_1_475' title='bbox 1394 4551 1439 4597; x_wconf 85' lang='lat' dir='ltr'><strong>l-l:</strong></span> <span class='ocrx_word' id='word_1_476' title='bbox 1458 4542 1566 4611; x_wconf 79' lang='grc' dir='ltr'><em>ἀκειρε-</em></span> 
     </span>
     <span class='ocr_line' id='line_1_90' title="bbox 1021 4615 1565 4755; baseline -0.006 -19"><span class='ocrx_word' id='word_1_477' title='bbox 1021 4624 1243 4755; x_wconf 72' lang='lat' dir='ltr'><strong>ttttt‘ttttt</strong></span> <span class='ocrx_word' id='word_1_478' title='bbox 1257 4615 1565 4740; x_wconf 65' lang='lat' dir='ltr'><strong>{⁶2⁰‘idtti³¹&#39;lll“¹aiid</strong></span> 
     </span>
    </p>
   </div>
   <div class='ocr_carea' id='block_1_19' title="bbox 0 0 1947 5525">
    <p class='ocr_par' dir='ltr' id='par_1_21' title="bbox 0 0 1947 5525">
     <span class='ocr_line' id='line_1_91' title="bbox 0 0 1947 5525; baseline 0 0"><span class='ocrx_word' id='word_1_479' title='bbox 0 0 1947 5525; x_wconf 95' lang='lat' dir='ltr'><strong> </strong></span> 
     </span>
    </p>
   </div>
  </div>
 </body>
</html>
