3884 5525
877 707 879 710 ⁴
943 665 1082 716 uanam!

581 859 586 871 ·
658 841 763 899 cessat
777 835 947 911 uoluntas‘l
962 849 1024 897 nnn
1040 835 1102 895 ulia
1117 833 1219 902 bibam

606 956 612 968 ’
658 947 810 1008 mercede.
836 960 915 1021 quae
930 951 962 1007 te
978 959 1110 1022 cumque
1126 945 1230 1005 domat
1246 939 1366 1019 Venus,

657 1073 718 1120 non
733 1035 953 1119 erubescendis
965 1057 1071 1118 adurit

658 1171 797 1246 ignibus,
812 1169 1011 1244 ingenuoque
1026 1181 1148 1243 semper

659 1336 764 1382 amare
779 1336 902 1396 peccas.
927 1320 1073 1396 quicquid
1089 1319 1195 1396 babes,
1213 1333 1273 1395 age

658 1433 775 1507 depone
790 1432 869 1493 tutis
884 1433 1026 1493 auribus.
1051 1431 1090 1492 ab
1107 1431 1213 1506 miser,

659 1547 776 1618 quanta
791 1542 954 1603 laborabas
970 1537 1144 1618 Charybdi,

659 1653 754 1728 digne
770 1667 848 1728 puer
862 1653 990 1714 meliore
1005 1653 1138 1713 llamma.

520 1891 562 1944 13.
581 1891 701 1940 noluntas
711 1905 747 1956 pr
759 1891 817 1949 133.-
836 1890 954 1954 uoluptas
966 1888 1091 1956 AGchu.
1199 1887 1240 1938 14.
1261 1886 1276 1952 d
1294 1885 1428 1952 tecdipA,
1455 1858 1576 1952 qaaoodlss

449 1959 484 2008 B.
592 1959 633 2008 16.
652 1959 779 2022 ingeniosi,
789 1959 823 2016 A,
843 1958 944 2022 genien,
958 1957 989 2007 G.
1097 1955 1138 2006 18.
1158 1955 1189 2005 eb
1203 1955 1304 2018 d;(u.)
1315 1957 1490 2006 Blandinius:
1503 1971 1529 2006 a·
1541 1960 1576 2020 A,

450 2027 517 2090 oH,
536 2027 633 2086 daug.
658 2067 660 2070 ,
741 2027 782 2075 lb.
802 2026 939 2076 laborabas
951 2023 1053 2076 ABGH
1069 2025 1111 2090 (ia
1124 2024 1269 2090 B'syllaba
1289 2023 1321 2074 ab
1340 2025 1395 2074 alia
1408 2041 1491 2075 mana
1507 2041 1578 2089 pun-

450 2098 502 2144 ctis
514 2095 627 2144 delenda
639 2099 736 2144 notata
748 2093 800 2156 est)
812 2108 855 2157 ga
867 2110 895 2142 a.
905 2093 1067 2144 Blaiidinius
1080 2108 1140 2142 eam
1153 2095 1208 2143 alie
1217 2093 1331 2142 Blanda
1345 2093 1447 2144 laboras
1460 2111 1486 2158 ς,
1506 2093 1578 2142 labu-

450 2178 493 2212 ras
505 2163 529 2212 in
541 2166 683 2229 perpauci.
759 2162 874 2212 charibdi
887 2163 945 2226 All,
964 2162 1064 2212 caribdi
1078 2161 1135 2212 bil.

504 2435 546 2485 13.
572 2442 661 2486 cassat
679 2435 845 2486 uoluntati:
869 2450 925 2484 cum
943 2452 992 2485 non
1036 2435 1082 2486 ille
1100 2450 1189 2485 nomen
1209 2435 1309 2502 puellas
1328 2434 1398 2484 solas
1417 2434 1465 2484 soii
1479 2434 1528 2484 sibi
1540 2434 1579 2483 di·
1645 2465 1650 2474 -

450 2504 536 2554 statim
554 2503 702 2568 obsequitur
719 2504 765 2553 ille
778 2503 860 2554 frater
872 2502 993 2565 Megillae
1036 2512 1088 2554 eat.
1110 2503 1227 2554 Catullus
1247 2506 1263 2554 6
1283 2503 1330 2552 15³
1351 2503 1480 2569 quicquid
1498 2504 1579 2553 labes

450 2579 477 2622 et
489 2587 576 2622 nomen
590 2573 691 2637 puellae
704 2587 766 2622 suae
779 2573 890 2635 reticet,
912 2572 994 2622 liora-
1038 2573 1236 2636 decimatione,
1251 2572 1295 2622 die
1305 2573 1390 2620 nobas

449 2641 503 2691 tius
520 2642 641 2691 insistens
659 2641 775 2706 quaerit:
796 2642 994 2691 cessataolan-
1090 2641 1130 2690 18.
1157 2641 1444 2707 depone-auribus:
1469 2646 1497 2688 nt
1522 2640 1579 2688 tlic-

383 2758 387 2775 ,
451 2712 514 2761 ias?
533 2711 558 2761 b.
572 2726 596 2759 e.
615 2712 757 2759 nonsatis
776 2709 932 2761 uoluntatis
945 2711 994 2761 ad·
1037 2724 1145 2773 saurus,
1166 2710 1203 2759 sic
1222 2723 1315 2759 aroana
1334 2707 1496 2773 deponuntur
1512 2707 1579 2774 apud

450 2783 512 2829 est?
535 2778 599 2829 Tum
620 2781 705 2843 pergit
726 2780 842 2829 nonnisi
861 2780 908 2828 bec
927 2794 994 2828 mer-
1036 2778 1113 2828 lidum
1134 2779 1251 2830 amicum.
1281 2777 1344 2828 Post
1362 2778 1425 2827 bace
1444 2778 1470 2826 in
1490 2791 1579 2827 aurem

450 2848 512 2897 cede
531 2864 559 2897 se
577 2855 803 2913 palatarumesse.
824 2848 935 2912 Antiqua
954 2856 994 2898 est
1037 2846 1136 2897 Horatii
1166 2863 1256 2898 namen
1285 2846 1382 2897 amicae
1406 2846 1579 2896 insusurrauit

449 2917 593 2981 scripturae
607 2916 749 2966 diuersitas
759 2917 888 2966 uoluntas
909 2924 936 2965 et
947 2932 995 2966 aa·
1036 2914 1118 2966 irater
1131 2914 1260 2979 Megillae.

450 2986 558 3050 lapide,
583 3000 646 3033 uera
665 2985 733 3034 band
755 2984 831 3035 dubie
853 2985 992 3046 uoluntas,
1092 2984 1211 3033 19-24.
1232 2984 1368 3034 Praeclare
1381 2990 1407 3033 et
1420 2990 1523 3049 praeter
1535 2996 1580 3030 ex·
1604 3014 1607 3018 -
1639 2970 1650 2993 s

450 3068 524 3116 quam
543 3052 568 3100 in
583 3053 725 3101 blandiniis
739 3051 820 3102 inisse
833 3054 950 3118 suspicor
961 3053 993 3101 ob
1035 3053 1206 3118 pectetionem
1212 3052 1376 3101 mirabundus
1382 3060 1580 3117 potoresomues

450 3121 560 3183 glossam
579 3120 638 3168 inde
655 3120 780 3185 proditum
799 3116 897 3186 ‘supple
916 3120 994 3170 conli-
1036 3120 1149 3170 aduertit
1162 3122 1186 3169 in
1201 3128 1327 3170 amantem
1340 3120 1474 3170 conuiuum
1487 3127 1513 3170 et
1525 3120 1579 3186 ipse

449 3182 538 3237 tendi’.
571 3186 643 3235 Hanc
666 3188 731 3249 legit
753 3189 836 3237 Aaron
861 3189 994 3238 scribens:
1037 3190 1156 3238 miseram
1169 3190 1244 3238 buius
1256 3196 1350 3239 sortem
1364 3189 1443 3238 dolet.

460 3259 548 3304 cessat
560 3256 698 3318 calciatae,
713 3255 812 3305 scilicet
825 3254 995 3305 confessionis
1091 3257 1132 3306 19.
1152 3264 1257 3322 quanta
1271 3255 1415 3307 laborabas
1424 3255 1579 3323 elarybdi:

451 3331 477 3373 et
507 3323 580 3372 deest
608 3316 656 3383 εἷς
687 3324 803 3372 alteram.
819 3323 994 3391 Porphyrion:
1038 3324 1212 3391 imperfectum
1226 3328 1298 3376 ders
1312 3326 1429 3391 positum,
1446 3340 1579 3390 quaecum

420 3430 425 3437 .
448 3389 549 3440 ‘cessat
559 3390 696 3455 uoluptas,
712 3391 814 3441 bibendi
828 3387 947 3443 scilicet’.
1038 3402 1097 3445 ante
1121 3396 1258 3459 coepisset,
1285 3411 1349 3444 uuna
1372 3395 1471 3445 demum
1496 3394 1580 3475 qualis

505 3459 627 3509 14-17.
652 3458 707 3523 Quo
726 3459 807 3524 magis
826 3462 940 3527 impellat
961 3462 993 3511 ad
1038 3464 1072 3513 sit
1093 3472 1206 3530 apparet.
1227 3462 1325 3515 Graece
1345 3471 1384 3513 est
1404 3456 1445 3531 ἄρ’
1461 3462 1579 3518 ladasca.

451 3528 596 3590 latendum,
611 3527 700 3577 bonam
713 3530 744 3578 dc
757 3544 842 3579 umore
856 3532 912 3580 eius
926 3546 994 3596 spem
1037 3530 1072 3582 Vt
1084 3538 1163 3583 aestu
1179 3538 1265 3583 maris
1285 3533 1411 3582 laborare
1429 3539 1499 3582 recte
1517 3530 1581 3579 diei-

450 3603 536 3646 mouet
554 3604 582 3645 et
599 3597 710 3661 puellam
726 3599 859 3661 eleganter
871 3600 994 3649 delectam
1038 3608 1096 3665 tur,
1118 3603 1155 3651 sic
1168 3596 1351 3667 aliquis'elia'm
1366 3599 1497 3665 Charybdi
1510 3599 1581 3649 iabo-

451 3666 589 3729 significat.
616 3665 777 3716 Contrarium
800 3676 839 3726 est
860 3667 956 3718 Catulli
978 3668 994 3718 6
1038 3678 1202 3737 rarepolest.
1224 3671 1304 3736 ipsum
1326 3670 1371 3717 boc
1390 3684 1479 3717 nomen
1499 3676 1581 3715 etra-

452 3735 483 3785 1:
504 3735 601 3796 Flaui,
622 3734 732 3785 delicias
746 3742 809 3786 tuas
824 3738 946 3800 Catullo,
966 3740 998 3787 ni
1038 3754 1125 3805 pacem
1144 3740 1253 3805 puellam
1275 3738 1379 3787 denotet
1398 3743 1424 3783 ct
1443 3748 1498 3783 eam
1513 3749 1579 3797 quae

450 3807 508 3852 sint
535 3804 672 3869 inlepidae
702 3810 784 3869 alque
816 3806 993 3871 ineleganter,
1038 3807 1132 3863 amoris
1157 3806 1285 3856 illecebris
1309 3810 1435 3853 amatores
1458 3816 1517 3851 suos
1542 3802 1580 3852 its

451 3872 533 3921 uelles
547 3872 635 3927 dicere
647 3888 695 3922 nee
712 3879 804 3923 lacere
819 3892 930 3941 posses:
949 3892 995 3925 aa·
1037 3875 1189 3925 constrictos
1202 3882 1227 3925 et
1246 3873 1359 3921 irretitos
1375 3877 1480 3933 teneat,
1501 3878 1529 3919 ut
1547 3886 1580 3920 cx

450 3956 512 3989 rum
535 3944 622 3990 nescio
644 3942 709 4003 quisl-
723 3944 890 4006 febriculosi
911 3947 997 3994 scorti
1038 3944 1190 4007 grauissimo
1201 3940 1307 3991 seruitio
1324 3954 1380 3989 sese
1394 3939 1517 4004 expedire
1530 3956 1579 3989 noo

448 4009 550 4073 diligis,
563 4012 613 4058 boo
623 4010 709 4071 pudet
718 4012 820 4076 saleri.
1037 4012 1145 4078 possint.

505 4077 546 4125 14.
573 4094 828 4145 quae-cumque.-
846 4080 927 4130 eiad
948 4080 956 4129 l
978 4082 994 4131 6
1090 4079 1132 4127 20.
1157 4092 1240 4141 paea:
1265 4076 1312 4124 boc
1336 4082 1363 4125 et
1385 4074 1580 4126 misericordiae

451 4145 478 4193 3.
505 4146 593 4195 Venus
611 4153 652 4196 cst
673 4147 728 4211 ipsa
750 4148 798 4197 dea
819 4150 930 4213 amoris,
944 4165 994 4198 non
1038 4146 1251 4209 significationem
1270 4144 1347 4193 babet
1364 4151 1390 4193 et
1403 4145 1579 4210 inps-auidum

451 4214 545 4279 puelia,
560 4221 589 4263 ut
602 4214 664 4264 dicit
676 4214 902 4267 Mitscberliclrius.
961 4244 966 4253 ·
1038 4221 1177 4264 amatorem
1188 4214 1288 4277 erguit;
1303 4212 1420 4263 otlbl.
1468 4214 1580 4263 meliore

504 4282 546 4331 15.
567 4282 678 4333 adurit:
696 4285 736 4334 uri
748 4292 775 4334 te
789 4285 862 4335 iacit.
1030 4284 1163 4349 flamina.-
1184 4282 1301 4332 Catullus
1319 4282 1353 4331 45
1375 4282 1423 4331 15:
1443 4287 1476 4331 at
1491 4282 1579 4331 mallo

504 4350 630 4401 16-17.
660 4356 829 4418 ingenuoque
847 4380 881 4389 -
899 4368 993 4402 amore
1036 4352 1105 4401 miii
1114 4354 1205 4401 maior
1217 4354 1360 4416 amorque
1371 4354 1441 4415 ignis
1453 4351 1580 4399 mollibus

448 4434 561 4483 peccas:
581 4419 706 4483 ingenuus
724 4422 824 4487 paellae
842 4435 928 4470 amere
941 4436 994 4469 mo·
1038 4420 1119 4470 ardet
1141 4424 1169 4469 in
1189 4420 1322 4469 medullis.
1354 4420 1426 4484 Apud
1446 4418 1579 4467 Horatium

451 4486 508 4537 dum
520 4489 662 4551 egrederis.
1037 4488 1086 4538 luci
1100 4487 1353 4552 festiditasaugetur
1371 4503 1416 4549 eo,
1436 4488 1501 4553 quod
1522 4488 1578 4535 bor-

504 4556 632 4605 11-18,
663 4556 791 4621 quicquid
812 4583 840 4592 -
862 4558 993 4607 auribm:
1038 4564 1106 4607 tator
1124 4564 1251 4623 tamquam
1264 4555 1580 4623 peritissimnsenistimu·

450 4630 522 4673 tutae
534 4639 609 4674 aures
622 4624 713 4687 quibus
731 4639 851 4673 emaum
864 4632 920 4675 tuto
933 4642 994 4675 con·
1038 4634 1079 4677 tor
1099 4630 1193 4677 amoris
1215 4632 1241 4677 et
1261 4626 1357 4675 amicus
1382 4626 1413 4674 nd
1434 4623 1580 4675 misericor-

450 4691 572 4741 creditur.
602 4692 754 4741 Contentum
779 4708 807 4742 se
832 4693 944 4759 letetur,
970 4696 993 4745 si
1038 4696 1104 4746 dium
1117 4702 1245 4763 promptus
1258 4694 1396 4745 inducitur.
