3884 5525
766 611 945 664 cabutllvm
962 612 996 664 lll
1016 613 1042 663 2.

544 782 738 850 intaminatis
754 782 1053 859 turget-bonoribus,

545 909 602 955 nea
618 894 714 954 sumit
729 898 785 955 aut
799 894 887 968 ponit
902 907 1030 970 secures

544 1005 672 1066 arbitrio
688 1004 846 1080 popularis
862 1019 969 1068 aurae.

544 1158 659 1232 uirtus,
676 1157 841 1218 recludens
856 1158 1011 1218 inmeritis
1026 1159 1104 1219 mori

543 1268 677 1343 caelum,
696 1273 809 1344 negata
825 1273 955 1344 temptat
969 1269 1031 1330 iter
1045 1270 1110 1344 ula,

544 1383 714 1454 coetusque
729 1379 879 1454 uulgares
895 1383 926 1440 et
941 1380 1033 1440 udam

544 1491 664 1565 spernit
678 1490 807 1551 humum
823 1491 964 1566 lugiente
979 1491 1085 1568 pinna.

467 1655 472 1664 ·
544 1647 593 1704 est
608 1647 640 1704 et
654 1643 738 1704 ildeli
755 1647 822 1705 tuta
837 1643 962 1706 silentio

526 1765 680 1816 merces:
698 1755 822 1832 uelabo,
840 1756 892 1831 qui
909 1751 1036 1816 Cereris
1052 1767 1176 1816 sacrum

543 1865 683 1940 uulgarit
698 1880 843 1941 areanae,
861 1867 918 1927 sub
933 1866 1031 1926 isdem

493 2033 496 2038 .
542 1975 585 2036 sit
598 1975 740 2037 trabibus
756 1975 962 2052 fragilemque
977 1991 1097 2038 meeum

402 2163 442 2212 19.
462 2161 625 2213 intaminatis
635 2164 856 2230 prierBGHgm:
876 2164 1044 2216 Citaminalis
1058 2165 1168 2228 carrd,
1188 2164 1213 2214 iu
1227 2194 1262 2201 —
1275 2163 1472 2214 Contaminnlis'

334 2236 420 2295 pauci.
528 2233 569 2282 19.
588 2233 667 2282 admit
678 2234 711 2282 H.
821 2233 864 2282 21.
884 2234 1011 2284 inmeritis
1024 2233 1081 2296 BG,
1099 2235 1175 2284 imer.
1188 2249 1224 2298 g:
1245 2234 1379 2283 immeritis
1392 2233 1425 2282 H.
1478 2247 1485 2256 ·

336 2301 376 2350 22.
395 2302 433 2350 ire
453 2317 480 2360 ς.
584 2301 627 2350 23.
647 2308 770 2366 cetusque
791 2302 870 2352 buu.
976 2303 1019 2352 24.
1039 2304 1114 2368 pinna
1135 2318 1162 2351 a.
1175 2301 1352 2352 Biaadiuius:
1378 2316 1461 2368 penne

333 2369 455 2434 burgo.
545 2369 588 2419 21.
603 2368 830 2437 Vulgaritb'llgm:
845 2369 968 2435 Vulgauit
979 2371 1027 2431 Βς.
1082 2370 1300 2434 brabantorum,
1313 2372 1458 2436 arelianeg.

335 2439 375 2489 28.
395 2439 546 2503 imgiiemue
560 2439 708 2489 Bentleius.

383 2659 425 2708 18.
445 2661 635 2708 intaminatis.-
650 2659 692 2722 qui
705 2659 873 2710 contaminari
916 2663 957 2709 sic
968 2663 1047 2724 rigor
1059 2657 1217 2729 discipliuae
1231 2659 1320 2720 babet,
1332 2659 1467 2718 utmulta¹

297 2750 299 2755 ·
333 2735 469 2795 nequeunt,
480 2727 677 2788 utindemitus,
690 2732 811 2779 inuictus
822 2736 872 2780 eet.
917 2732 1000 2779 etiam
1020 2730 1190 2777 centuriones
1210 2729 1384 2793 tribunosque
1401 2733 1460 2777 tan-

332 2798 512 2848 irtaminatar
534 2812 598 2846 noue
620 2812 754 2861 procusum
778 2806 818 2849 est
842 2815 874 2848 ex
918 2799 1078 2847 temtaberi
1089 2796 1226 2861 empediat.
1241 2798 1460 2860 Si‚ubiiubean-

331 2868 446 2917 obsoleto
460 2866 540 2915 uerbo
555 2870 699 2915 taminare.
918 2872 969 2930 tuat
978 2880 1108 2931 quaerere
1114 2866 1230 2930 singulis
1237 2867 1329 2923 liceat,
1333 2872 1463 2931 pereunte

382 2934 494 2984 19-20,
509 2950 555 2983 uee
567 2938 693 2983 sumit-
703 2951 803 2985 auree:
817 2951 875 2985 sen·
917 2937 1043 2999 obsequia
1057 2938 1135 2983 etiam
1150 2938 1292 3000 imperium
1307 2934 1457 2984 intercidit.

331 3004 409 3053 tentia
440 3003 516 3053 moda
544 3004 708 3067 pronuntiata
737 3011 765 3054 ut
794 3005 874 3067 magis
917 3001 1459 3068 iieetecomparanthoesimonidiszdaec

331 3073 490 3133 iliustretur,
517 3072 568 3119 iem
593 3072 669 3121 rebus
692 3072 810 3122 Romanis
831 3089 875 3123 ac·
915 3073 964 3123 καὶ
978 3074 1058 3138 σιγᾶς
1070 3066 1218 3123 ἀκίνδυνον
1228 3072 1403 3141 presummat
1416 3072 1457 3122 ed.

330 3141 518 3203 commodatur3
544 3140 579 3189 ci.
601 3139 646 3189 iiii
668 3140 748 3191 9391
769 3142 874 3191 corrui·
915 3141 1026 3206 bergh),
1049 3140 1080 3191 ab
1097 3142 1150 3206 ipso
1164 3141 1419 3206 Augustoiaurietum
1433 3148 1459 3192 et

330 3228 380 3275 pua
390 3226 445 3259 aaa
460 3213 541 3257 cenius
553 3212 632 3258 aori·
863 3260 871 3267 ,
915 3210 1115 3260 commendatum
1125 3210 1265 3273 (Plutarchi
1274 3211 1457 3276 Apophthegm.

382 3278 508 3327 21-24.
528 3276 690 3327 fertitudine
709 3284 771 3327 hera
791 3278 873 3341 gioria
917 3278 1007 3344 imper.
1022 3281 1092 3339 mi).

330 3355 355 3397 et
366 3346 512 3396 inmortalis
525 3347 674 3411 aequiritur.
705 3407 712 3416 .
968 3348 1080 3399 26-29.
1099 3350 1195 3398 uetabo
1208 3352 1258 3413 qui
1268 3376 1302 3385 —
1311 3349 1457 3413 phaselon.-

380 3416 424 3465 21.
443 3419 579 3479 inmeritis
591 3419 678 3466 mori:
698 3416 723 3466 h.
738 3431 762 3465 e.
777 3417 821 3480 qui
835 3432 874 3466 re·
915 3416 979 3466 haee
992 3418 1099 3479 addidit,
1119 3432 1168 3465 non
1182 3417 1289 3467 iiareuie
1303 3433 1351 3482 quo
1363 3424 1459 3485 myste-

331 3484 874 3547 busgesiimmeflatutmortieriman·
915 3486 964 3535 riis
985 3487 1132 3536 consuleret
1151 3492 1177 3534 at
1198 3500 1271 3535 sacro
1294 3486 1333 3535 iiii
1352 3486 1457 3535 silentio

331 3561 370 3603 tur
392 3561 419 3603 ct
443 3555 470 3602 in
490 3553 620 3603 hominum
641 3554 762 3603 memoria
782 3555 871 3604 uiuere
915 3555 1046 3619 suppetias
1061 3554 1155 3615 terret,
1173 3550 1459 3604 sedut'iidemettaci-

332 3622 519 3671 nondesinanl.
916 3624 1084 3685 turuitatem‚
1117 3622 1272 3671 eontrarium
1304 3624 1342 3672 bis
1367 3624 1457 3671 uilium
1548 3670 1552 3676 ,

378 3691 429 3740 22..
440 3696 543 3754 negata
562 3694 681 3755 temptat
694 3693 749 3739 iter
761 3693 826 3742 uia:
843 3698 873 3740 ut
915 3690 1080 3752 exagitando,
1094 3688 1247 3738 celebraret.

330 3760 426 3809 eaelum
440 3758 574 3808 recludere
588 3758 681 3821 possit,
706 3759 872 3821 negataaiiis
967 3759 1009 3807 26.
1033 3757 1137 3806 Cereris
1150 3771 1398 3806 sacrumrsaorum
1412 3772 1456 3821 pro

330 3829 479 3878 mortalibus
492 3828 534 3875 uia
548 3826 647 3889 ingredi
659 3834 776 3891 temptat.
915 3844 944 3877 eo
965 3826 1030 3891 quod
1051 3832 1090 3873 est
1107 3839 1188 3873 sacra
1206 3819 1254 3888 (τὰ
1274 3818 1347 3891 ἱερά)
1367 3832 1456 3887 poetae

378 3897 421 3945 23.
450 3901 595 3959 coetusque
614 3895 760 3960 vulgares:
780 3897 871 3959 uulgus
915 3896 1024 3945 dandum
1037 3900 1086 3943 est.

247 3984 253 4010 l
330 3965 471 4028 profanum,
483 3972 512 4013 ut
522 3972 562 4013 est
574 3963 607 4013 iii
624 3963 674 4012 11.
696 3963 800 4026 Cogitat
811 3980 872 4013 con·
966 3962 1090 4012 21-29,
1110 3960 1158 4009 sub
1176 3960 1260 4009 isdem
1279 3964 1318 4011 sit
1334 3964 1456 4011 trabibus

329 4033 387 4083 eilia
401 4032 502 4099 popuii,
525 4034 634 4081 honores
651 4047 716 4095 qnae
737 4048 813 4098 saepe
827 4034 873 4083 tri·
907 4032 1098 4099 fragilemque
1120 4044 1222 4078 roceum
1245 4030 1338 4079 soluat
1361 4033 1457 4097 phase·

328 4101 406 4152 bunut
417 4102 541 4165 indignis,
555 4102 681 4164 denegant
695 4102 776 4150 bonis.
915 4102 977 4151 lou:
991 4102 1040 4151 sub
1053 4099 1137 4149 isdem
1151 4099 1273 4147 trabibus
1284 4106 1323 4148 est
1332 4099 1357 4149 in
1368 4100 1456 4150 eadem

378 4171 505 4220 23-24.
525 4170 609 4219 udam
624 4196 651 4204 —
667 4171 793 4219 barrum:
813 4170 871 4219 heis
916 4185 981 4219 naue
1000 4170 1055 4219 siue
1069 4167 1139 4216 firma
1153 4166 1207 4215 siue
1222 4182 1270 4215 non
1283 4167 1365 4217 firma.
1386 4167 1457 4217 Peri-

329 4238 446 4289 diuersus
467 4246 506 4288 est
518 4238 631 4302 liquidas
645 4245 671 4287 et
681 4254 759 4303 purus
772 4240 870 4301 aether,
915 4239 964 4287 cuii
985 4236 1142 4302 significatus
1158 4242 1264 4298 augetur
1277 4236 1457 4301 illatissragi-

329 4309 358 4355 ad
372 4324 445 4373 quem
457 4308 544 4357 tendit
557 4307 649 4355 uirtus.
743 4300 754 4322 '¹
915 4307 1019 4372 lamque
1030 4334 1064 4343 -
1079 4304 1226 4370 phaselon:
1252 4304 1371 4367 phaselus
1390 4304 1456 4353 enim
1470 4305 1471 4308 ’

376 4377 490 4426 25-26.
504 4374 566 4423 Viro
581 4375 642 4424 lorti
655 4381 681 4423 et
691 4374 798 4445 militari
808 4374 872 4424 fides
917 4376 973 4424 ieue
993 4374 1121 4437 nauigium
1141 4379 1181 4421 est
1198 4379 1224 4421 et
1236 4373 1260 4421 in
1274 4372 1456 4434 longitudinem

328 4452 353 4493 et
362 4446 493 4495 silentium
501 4444 636 4510 praecipue
645 4443 792 4493 necessarie
802 4450 870 4492 sunt.
917 4450 1076 4509 porrectum,
1109 4442 1173 4506 quod
1210 4440 1284 4489 facile
1318 4440 1454 4504 frangitur.

330 4509 377 4575 Qui
390 4516 529 4563 commissa
542 4513 659 4576 produnt,
678 4512 803 4576 inpotenti
817 4512 873 4561 ani·
916 4510 994 4561 Recte
1020 4512 1100 4575 igitur
1124 4510 1148 4558 in
1174 4510 1304 4559 codicibus
1334 4508 1457 4557 scribitur

328 4595 366 4629 mo
378 4590 437 4632 sunt
452 4590 479 4633 et
490 4581 641 4631 tortitudine
654 4588 751 4629 carent.
766 4579 873 4630 Tacitus
909 4581 1108 4645 fragilemque,
1117 4594 1164 4627 noa
1168 4579 1351 4644 ¹flagitemus,
1359 4584 1388 4625 nt
1396 4592 1456 4625 oon-

329 4647 394 4700 liist.
408 4650 481 4701 1832
503 4655 543 4701 ita
556 4667 585 4699 se
597 4650 695 4699 drreum
708 4653 871 4712 auctoritas,
917 4648 981 4698 iecit
994 4648 1140 4711 Rentieius,
1160 4656 1236 4712 atque
1251 4646 1374 4697 Oreliium
1392 4645 1456 4695 mire

1200 4750 1252 4803 15¹<
