3884 5525
438 671 525 714 xcitu
871 667 1134 722 raotueomuttn.

968 914 1037 977 XV.

575 1048 627 1123 Illi
648 1061 805 1126 HORA'l'll
829 1062 1024 1151 posueris
1047 1063 1137 1126 lllTE
1160 1062 1432 1127 EXPLlCANlllS.

438 1283 441 1290 ·
527 1245 559 1310 Si
574 1267 650 1329 quae
666 1247 762 1331 capite
782 1250 908 1332 septimo
931 1250 967 1312 de
984 1250 1175 1313 carminibus
1190 1262 1220 1313 et
1235 1252 1343 1335 epodis
1365 1262 1499 1335 tempore
1515 1272 1570 1315 ex·

442 1353 553 1435 pressis
562 1353 610 1427 uel
623 1353 653 1415 in
668 1354 795 1436 gratiam
807 1356 934 1419 aliorum
942 1357 1127 1441 compositis,
1140 1368 1199 1418 tum
1212 1358 1249 1419 de
1260 1359 1455 1421 sermonibus
1469 1348 1570 1442 stopi-

441 1460 532 1523 stub's
546 1458 641 1542 ipsius
657 1468 762 1541 poetae
777 1459 906 1543 impulsu
921 1472 952 1524 et
967 1473 1050 1525 certa
1067 1484 1131 1525 oum
1147 1464 1263 1524 ratione
1276 1462 1394 1546 seriptis
1408 1464 1482 1539 dixi,
1499 1465 1571 1527 haec

442 1565 563 1629 sirecte
578 1564 726 1647 disputata
741 1576 823 1643 sunt,
837 1567 924 1630 facile
940 1570 1142 1651 cognoscitur,
1152 1569 1219 1649 quid
1236 1570 1275 1631 sit
1290 1570 1415 1631 officinm
1432 1570 1509 1647 eius,
1520 1570 1570 1651 qui

441 1669 513 1733 iusti
529 1670 703 1754 interpretis
719 1692 844 1736 munere
865 1674 896 1736 in
912 1674 1029 1737 Horatii
1051 1674 1197 1758 poematis
1213 1674 1332 1756 defungi
1349 1675 1441 1737 uolet.
1473 1673 1569 1737 Nimi-

441 1796 507 1840 rum
522 1776 554 1839 iu
570 1776 751 1840 carminibus
772 1788 803 1839 et
818 1779 920 1862 epodis
935 1780 1055 1843 occasio
1072 1779 1221 1845 scribendi
1242 1791 1312 1842 ante
1327 1780 1427 1843 omnia
1443 1778 1569 1843 inuesti-

441 1882 538 1965 ganba
553 1893 600 1946 est
623 1894 653 1945 et
667 1883 855 1965 explicanda.
888 1884 971 1947 Hanc
993 1884 1042 1947 uhi
1064 1885 1237 1963 inueneris,
1262 1907 1344 1967 qnos·
1358 1904 1465 1949 sensus
1483 1896 1569 1949 uates
1626 1956 1631 1965 ,

441 2000 562 2071 pectore
577 1989 771 2066 uolutanerit‚
795 2011 868 2072 quas
885 1991 1084 2073 cogitationes
1099 1991 1200 2075 eloqui
1216 2002 1246 2054 et
1262 2012 1320 2073 quo
1336 1990 1441 2055 ordine
1456 2012 1569 2075 ponere
1585 1992 1587 1995 ’

441 2092 623 2173 intenderit,
648 2094 764 2158 lucilius
787 2095 948 2160 dilucidare
970 2097 1094 2179 poteris.
1127 2097 1174 2159 llli
1197 2108 1447 2169 commentatores
1462 2098 1569 2161 miser-

440 2199 516 2263 rime
532 2222 586 2285 per
600 2202 721 2266 humum
736 2214 843 2285 repunt
859 2222 894 2265 ae
909 2202 983 2265 nihil
998 2202 1205 2281 extricabunt,
1230 2203 1280 2285 qni
1296 2203 1412 2266 Horatii
1428 2202 1569 2265 imitatio-

441 2325 508 2368 nem
526 2306 670 2370 Graecam
692 2310 736 2371 sic
757 2308 951 2391 intellegunt,
984 2318 1018 2371 ut
1040 2309 1127 2371 modo
1152 2309 1227 2383 hoo,
1259 2310 1348 2374 modo
1371 2309 1443 2373 illud
1465 2329 1568 2392 poema

443 2410 588 2477 Graecum
604 2414 636 2477 in
652 2414 771 2477 Latium
786 2413 959 2477 traduxisse
975 2414 1124 2477 uideatur.
1149 2414 1241 2477 lmmo
1256 2414 1395 2477 Latinam
1411 2415 1567 2479 materiam

441 2529 473 2581 et
486 2519 593 2583 Latina
609 2532 784 2602 argumenta
800 2518 937 2582 uersibus
952 2519 1055 2605 lyricis
1069 2520 1251 2585 Graecorum
1267 2521 1391 2603 optauit,
1410 2542 1568 2603 numquam

441 2624 501 2689 uisi
516 2647 584 2689 cum
599 2648 649 2691 res
664 2626 729 2709 ipsa
746 2626 829 2702 tulit,
848 2636 880 2687 ut
894 2625 958 2709 ipse
974 2626 1154 2710 significauit
1169 2627 1266 2689 Serm.
1284 2626 1310 2689 ll
1330 2630 1344 2689 1
1366 2628 1416 2705 18,
1433 2626 1568 2691 barbiton

441 2731 546 2796 mouit.
579 2732 628 2798 Sic
642 2744 712 2796 nata
727 2743 796 2796 suot
811 2732 946 2795 earmina
968 2753 1022 2816 per
1037 2753 1124 2796 omne
1140 2752 1248 2798 aeuum
1264 2734 1425 2813 duratura,
1451 2754 1569 2817 semper

442 2859 541 2919 noua,
567 2822 685 2922 semper
704 2840 845 2904 iucunda.
885 2838 1034 2920 Equidem
1059 2841 1107 2902 uel
1131 2839 1167 2902 ab
1191 2861 1249 2902 uno
1271 2840 1394 2903 Horatio
1419 2839 1473 2902 hoc
1495 2841 1567 2904 satis

331 2977 336 2991 =
441 2944 581 3010 didicisse
596 2945 668 3008 mihi
685 2946 799 3024 uideor,
812 2945 970 3010 uerissime
986 2947 1206 3028 pronuntiatum
1223 2944 1382 3026 essequod
1398 2945 1506 3008 dietum
1522 2957 1569 3008 est

441 3051 611 3116 aGoetbio
628 3061 750 3127 nostro,
775 3051 884 3116 bonum
908 3071 1013 3136 poema
1039 3052 1164 3136 lyricum
1180 3049 1354 3134 'occasionis
1377 3051 1470 3114 letum
1486 3073 1565 3116 esse.

441 3155 543 3238 ltaque
565 3175 619 3239 per
641 3177 674 3219 se
695 3157 753 3220 iam
769 3159 836 3221 ueri
857 3158 1038 3221 simillimum
1062 3159 1116 3220 hoc
1132 3168 1195 3233 est,
1221 3156 1375 3220 Horatium
1392 3157 1441 3239 qui
1458 3158 1568 3222 dulcis-

441 3261 515 3324 sima
531 3262 665 3325 earmina
682 3265 770 3344 lecit,
795 3263 916 3327 nonnisi
933 3263 1093 3326 occasione
1116 3263 1285 3346 postulante
1302 3274 1332 3326 et
1346 3263 1516 3346 impellente
1531 3265 1568 3328 ad

441 3368 525 3451 lyrae
540 3389 647 3432 sonum
663 3370 819 3434 cecinisse.
849 3369 941 3452 Atqui
955 3369 1034 3432 idem
1051 3371 1107 3433 hoc
1128 3369 1158 3432 in
1176 3370 1356 3433 carininibus
1372 3369 1460 3454 longe
1476 3369 1568 3453 pluri-

441 3473 497 3538 mis
519 3474 651 3558 ipsorum
674 3476 790 3539 indoles
812 3487 843 3539 et
865 3487 1055 3540 monumenta
1082 3495 1183 3539 rerum
1205 3487 1358 3558 gestarum
1388 3477 1516 3559 produnt
1538 3487 1568 3540 et

407 3612 412 3622 ι
441 3581 646 3663 comprobant.
679 3582 742 3644 Hoc
765 3593 798 3646 ut
817 3583 895 3646 iuste
919 3583 1067 3646 declarari
1089 3593 1207 3666 posset,
1232 3583 1424 3664 quaestiones
1446 3583 1515 3645 illae
1531 3583 1567 3644 de

441 3687 624 3770 temporibus
646 3697 677 3749 et
698 3689 905 3752 occasionibus
920 3689 1084 3752 carminum
1109 3689 1318 3772 suscipiendae
1341 3688 1410 3750 mihi
1434 3689 1565 3749 luerunt.

381 3818 383 3821 ·
441 3779 524 3870 Quod
545 3814 603 3875 quo
618 3793 719 3856 ualeat
740 3805 771 3856 et
792 3795 830 3857 ad
846 3796 916 3877 qnid
939 3795 1012 3858 utile
1028 3795 1078 3873 sit,
1104 3796 1154 3878 qui
1170 3795 1270 3878 paucis
1287 3792 1434 3875 exemplis
1451 3793 1568 3856 discere

441 3899 546 3976 uelint,
571 3899 618 3962 his
634 3921 691 3982 ego
708 3901 808 3964 Carm.
826 3901 838 3964 l
855 3905 873 3964 7
890 3913 920 3964 et
938 3903 989 3978 12,
1016 3901 1111 3983 Epod.
1133 3904 1170 3964 13
1188 3921 1254 3963 eum
1269 3921 1336 3962 meo
1352 3900 1567 3963 commentario

442 4002 566 4087 legenda
581 4007 767 4068 commendo.
789 4006 900 4069 Eadem
917 4007 965 4068 uia
980 4007 1116 4088 equidem
1132 4007 1223 4070 certis
1239 4006 1422 4089 argumentis
1438 4005 1569 4088 comperi

441 4108 597 4172 Horatium
619 4133 680 4174 non
702 4113 798 4175 solum
820 4111 952 4174 maximo
976 4125 1093 4194 poetam
1116 4111 1255 4195 ingenio,
1287 4113 1339 4174 sed
1363 4112 1451 4176 simul
1473 4112 1568 4174 ciuem

440 4215 583 4298 optimum
599 4228 630 4280 et
644 4219 743 4282 multis
758 4218 933 4302 magnisque
949 4216 1037 4280 rebus
1048 4219 1236 4296 *exereitum
1262 4219 1360 4282 uirum
1376 4219 1492 4282 sincera
1507 4217 1569 4282 uir-

441 4331 505 4385 tute
520 4321 641 4386 beatum
662 4334 693 4386 et
706 4324 873 4408 sapientiae
888 4324 996 4386 studiis
1013 4345 1071 4386 non
1093 4325 1284 4387 mediocriter
1302 4325 1446 4387 imbutum
1462 4322 1566 4388 luisse.

439 4427 584 4490 Nimirum
610 4429 682 4491 haec
704 4446 884 4493 concurrere
907 4429 1018 4492 debent
1040 4431 1139 4493 omnia
1162 4441 1195 4494 ut
1216 4433 1340 4515 prodeat
1354 4440 1461 4514 poeta,
1485 4429 1587 4492 cuius.

441 4535 574 4596 carmina
596 4545 627 4595 et
639 4535 735 4598 uariis
751 4537 901 4599 hominum
924 4535 1082 4620 generibus
1100 4547 1130 4598 et
1145 4537 1282 4601 omnibus
1298 4535 1426 4600 saeculis
1449 4535 1570 4618 placere

397 4641 403 4654 '
442 4639 571 4722 possint.
593 4640 675 4706 Nihil
690 4652 783 4726 agunt
795 4643 845 4724 qni
860 4643 989 4708 ludentis
1005 4653 1109 4728 poetae
1125 4643 1225 4728 speeie
1237 4643 1350 4728 decepti
1366 4653 1395 4704 et
1411 4640 1473 4704 suis
1485 4659 1569 4708 erro:
1675 4691 1679 4700 .
