3884 5525
228 3941 269 4052 ,f

720 719 724 725 q
826 652 962 704 aranon
982 654 1024 705 14.
1069 708 1073 713 ,

520 822 632 900 pocula
647 819 803 884 Lethaeos
819 826 856 883 ut
870 823 1061 901 sidunentla
1076 837 1202 884 somnos

564 937 673 995 arente
689 934 779 995 iauce
794 935 957 1011 traxerim,
989 942 991 947 ’

520 1070 649 1133 candide
664 1066 844 1147 Maecenas,
863 1070 979 1131 occidis
996 1085 1088 1148 saepe
1103 1072 1260 1149 rogando:
1468 1086 1482 1131 5

563 1181 652 1258 deus,
670 1182 746 1243 deus
761 1197 833 1243 nam
848 1197 899 1244 me
913 1185 1002 1243 uetat

522 1317 675 1396 inceptos,
694 1319 767 1380 olim
783 1320 973 1395 promissum
990 1333 1126 1395 carmen,
1145 1318 1263 1379 iambos

563 1430 602 1489 ad
618 1430 797 1491 umbilicum
816 1431 983 1493 adducere.

522 1579 584 1627 non
599 1566 692 1627 aliter
708 1562 815 1629 Samio
831 1566 939 1627 dicunt
954 1565 1074 1627 arsisse
1088 1561 1235 1642 Bathyllo

562 1672 765 1738 Anacreonta
779 1675 902 1753 Teium,
1291 1721 1296 1730 s
1345 1747 1349 1756 ¹
1450 1688 1480 1737 10

425 1809 450 1859 3.
471 1810 570 1861 ictbcoe
578 1813 673 1879 Ansg,
693 1815 808 1865 letboeoe
818 1815 851 1865 H.
923 1821 953 1863 ut
964 1814 986 1863 si
995 1813 1063 1864 ASao
1074 1815 1182 1864 Aaron:
1200 1812 1238 1862 uti
1248 1812 1324 1872 nug,
1343 1812 1423 1862 ueluti
1434 1827 1464 1877 g.

355 1878 383 1929 4.
398 1886 489 1940 arente
496 1880 529 1931 B.
601 1884 711 1934 traxerit
718 1884 750 1935 B.
854 1883 879 1931 5.
897 1897 1031 1933 maecenas
1040 1883 1101 1933 AS:
1114 1896 1232 1932 mecenas
1242 1882 1291 1944 Hg,
1306 1882 1441 1931 mechense
1450 1882 1482 1932 B.

373 1947 454 1997 occidi
464 1950 499 1999 A.
573 1951 716 2017 sepeBSg.
814 1953 840 2001 t.
860 1951 995 2017 promisum
1004 1952 1038 2001 A.
1137 1952 1161 2000 9.
1180 1949 1287 2000 balbillo
1296 1950 1328 2012 B,
1349 1949 1437 1999 batillo
1448 1951 1480 2013 H,

355 2014 453 2083 beryllo
460 2033 490 2083 g.
603 2020 644 2070 lo.
664 2028 802 2071 nacreonta
816 2019 856 2086 (b.
865 2037 887 2069 e.
899 2020 1071 2083 Anacreonta,
1086 2022 1162 2069 cuius
1172 2022 1264 2085 prima
1277 2018 1368 2068 littera
1383 2019 1483 2069 taneta

356 2090 398 2135 ast
411 2091 478 2150 poet
490 2085 623 2154 flatuytto;
649 2088 748 2140 linteolo
765 2104 848 2155 saper
866 2106 883 2139 n
901 2089 984 2139 dueta
1002 2095 1045 2140 est
1063 2088 1101 2139 al.
1117 2103 1214 2151 manee,
1234 2092 1268 2137 ut
1285 2092 1356 2137 esset
1367 2084 1433 2151 Nou)
1447 2089 1480 2150 A,

356 2162 478 2204 acreonta
493 2154 523 2205 B.
594 2154 697 2225 Teium]
712 2166 796 2222 tegam
808 2159 843 2222 H,
856 2173 898 2207 om
911 2158 941 2209 S.

357 2291 485 2342 ducentia.
501 2291 610 2343 Ouidius
618 2292 721 2344 Metam.
732 2293 828 2344 litas:
844 2310 898 2359 qua
940 2302 1023 2345 motus
1042 2294 1140 2345 iambos
1158 2295 1217 2344 olim
1231 2293 1339 2344 Flaccus
1357 2288 1481 2359 promisit.

355 2376 463 2411 somnos
476 2360 552 2411 ducit
564 2368 593 2412 et
604 2368 682 2413 arcet
693 2361 870 2428 (Mercurius).
942 2363 1004 2413 inde
1021 2363 1129 2427 amplius
1149 2362 1314 2427 consequitur
1325 2376 1356 2412 ex
1370 2363 1410 2411 lris
1424 2378 1483 2427 epo-

407 2431 434 2479 4.
449 2432 632 2496 arentesauce
643 2435 794 2483 tranei-im,-
806 2436 900 2482 arente
941 2432 981 2481 dis
1000 2432 1095 2481 nullutn
1115 2439 1173 2482 ante
1192 2446 1283 2481 annum
1303 2431 1352 2479 tlt
1367 2434 1403 2491 (a.
1420 2430 1480 2479 Chr.

349 2499 437 2565 saoce
449 2499 589 2563 cupidinem
604 2507 630 2550 et
644 2499 833 2566 inprudentiam
845 2509 899 2551 tra·
942 2501 987 2565 37)
1001 2507 1086 2549 natum
1107 2515 1182 2562 asse,
1203 2501 1228 2549 b.
1245 2515 1268 2549 a.
1284 2506 1342 2548 unte
1355 2498 1425 2547 illum
1439 2514 1484 2547 an-

356 2568 441 2616 bantis
460 2567 574 2629 indicat,·
602 2572 737 2619 traxerim
758 2577 799 2620 est
817 2570 899 2618 daaee-
941 2584 1000 2619 num
1013 2584 1061 2633 qua
1074 2568 1142 2618 inter
1161 2568 1255 2618 amicos
1268 2565 1426 2617 Maecenatis
1442 2583 1483 2617 re-

357 2636 512 2755 {tltitff
534 2636 583 2701 ²¹’
609 2635 655 2687 ¹¹¹¹
678 2636 709 2687 ¹²
733 2638 794 2703 ¹¹¹²
817 2632 854 2695 ‘¹⁹
875 2638 900 2687 ⁶¹
941 2644 1097 2759 tilieti
1111 2635 1418 2769 latitudini*
1432 2636 1482 2753 til

408 2775 434 2824 5.
448 2774 576 2825 caradidc:
589 2775 631 2840 qui
641 2791 686 2840 pro
699 2776 776 2825 animi
790 2776 826 2825 tui
840 2776 900 2826 sim·
940 2784 994 2826 tres
1015 2776 1087 2841 epodi
1106 2775 1131 2825 iu
1146 2773 1255 2825 Graecia
1275 2721 1390 2840 pilantur}
1409 2721 1482 2824 aqunis

355 2843 472 2909 plicitate
497 2844 560 2893 nihil
584 2844 651 2893 solae
673 2859 711 2893 ura
733 2846 834 2908 celare;
862 2844 896 2894 ci.
941 2853 1001 2896 ante
1018 2844 1130 2893 inchoati
1149 2851 1223 2894 sunt:
1243 2845 1365 2893 narn-hos
1381 2843 1482 2892 inurbe

356 2910 437 2977 Epod.
454 2912 482 2961 11
500 2913 547 2962 11:
562 2911 705 2962 candidum
715 2917 848 2980 pauperie
860 2917 900 2964 in·
941 2913 1026 2963 incudi
1051 2913 1164 2962 reddidit
1186 2921 1212 2963 et
1236 2911 1308 2976 quasi
1328 2912 1359 2960 de
1381 2913 1482 2976 integro

355 2985 482 3046 genium
501 2980 699 3045 adralisti,
719 2982 776 3046 Epi.
791 2982 828 3031 14
843 2983 899 3046 1,6
942 2983 1014 3032 iecit.
1034 2981 1109 3033 Cani.
1128 2982 1257 3048 prooemia
1277 2980 1350 3045 epodi
1370 2981 1384 3029 t
1403 2988 1429 3030 et
1450 2981 1481 3030 13

357 3049 401 3099 68.
472 3050 572 3100 occidis
584 3066 663 3115 saepe
675 3051 812 3116 rogando:
831 3054 900 3101 occi·
940 3059 966 3102 et
981 3052 1022 3101 16.

357 3118 409 3182 dis,
423 3118 489 3184 quod
503 3119 587 3168 sentio
603 3134 643 3168 me
656 3119 725 3168 iusta
737 3121 840 3182 roganti
849 3119 899 3169 tibi
993 3121 1019 3170 8.
1038 3119 1075 3170 ad
1093 3119 1248 3170 umbilicum
1261 3119 1410 3170 adducere:
1426 3113 1481 3184 ‘pra

357 3187 511 3237 satisfacere
525 3203 573 3236 non
586 3203 670 3254 posse.
940 3189 1016 3240 linire
1037 3195 1064 3239 et
1086 3203 1276 3252 consummare,
1299 3189 1358 3252 quia
1382 3188 1407 3236 in
1432 3187 1482 3238 lino

409 3256 435 3304 6.
456 3255 530 3319 deur,
546 3256 610 3305 dens
623 3272 702 3306 nam:
721 3255 756 3306 ei.
771 3257 803 3306 ad
815 3256 898 3323 Epod.
940 3258 1001 3308 libri
1015 3255 1128 3308 umbilici
1143 3273 1175 3305 ex
1191 3257 1259 3321 ligno
1273 3265 1318 3306 aut
1330 3271 1386 3306 osse
1400 3257 1483 3306 solent

358 3324 448 3373 1745.
940 3322 1017 3393 poui'.
1047 3325 1218 3376 Ponrnraron.
1256 3325 1329 3375 Cani.
1355 3323 1483 3375 Martialis

411 3392 436 3440 i.
462 3395 584 3456 inceptos
602 3421 637 3430 -
653 3395 775 3444 mandas.-
799 3380 898 3444 iambbs
941 3397 991 3446 89:
1011 3396 1131 3446 adelam
1147 3398 1217 3444 sotis
1238 3400 1293 3457 ast,
1314 3396 1364 3444 obe
1383 3394 1481 3458 libelle,

356 3461 383 3511 h.
398 3460 417 3510 l.
433 3459 497 3510 dicit
509 3461 646 3510 carminum
657 3478 752 3526 genus,
773 3478 821 3511 non
841 3478 899 3512 uer·
940 3467 994 3513 iam
1005 3466 1179 3528 paruerimus
1192 3477 1275 3526 aeque
1285 3463 1323 3512 od
1331 3463 1482 3512 umbilicos.

356 3545 401 3580 sus
413 3528 551 3592 iambicos,
571 3545 644 3580 usum
658 3530 813 3581 Graecorum
827 3545 900 3580 secu·
940 3530 1002 3581 Post
1014 3533 1079 3581 hune
1092 3531 1197 3596 epadnm
1211 3546 1259 3595 quo
1278 3531 1369 3580 librum
1388 3531 1483 3579 iambo·

308 3649 317 3664 ‚
356 3607 415 3661 tus,
436 3599 479 3664 qui
492 3598 606 3648 carmina
620 3600 646 3648 ia
660 3599 899 3664 singuloshamincs
940 3616 996 3650 rum
1016 3600 1124 3650 nondum
1143 3599 1285 3648 absolutum
1305 3613 1361 3648 esee
1377 3597 1481 3655 fatetur,

356 3667 497 3732 composita
509 3661 625 3736 ἰάμβους
639 3676 747 3731 uocant,
767 3669 822 3718 siue
836 3669 900 3717 iam·
941 3676 1045 3718 secutus
1057 3673 1097 3716 est
1109 3673 1242 3730 praeterea
1255 3666 1357 3728 tertius,
1373 3665 1416 3714 ubi
1429 3680 1483 3714 ma-

356 3736 422 3786 bicis
444 3737 563 3787 uersibus
584 3737 640 3787 siue
661 3737 722 3786 aliis
741 3737 811 3787 iacta
830 3743 898 3786 suut.
940 3738 1006 3787 ritus
1019 3733 1155 3785 Maecenas
1167 3733 1318 3796 ostenditur,
1330 3739 1356 3782 et
1368 3734 1483 3797 quintus·

358 3803 499 3870 erupti
522 3805 759 3869 1923‚11259.
831 3805 899 3856 oiim
941 3801 1383 3860 decimus,fortasseetiamnonus.

289 3900 293 3909 ι
353 3877 537 3939 promissum:
555 3873 699 3925 Maecenati
718 3874 769 3924 iam
787 3873 900 3940 diupro-
994 3873 1089 3922 9-10.
1107 3871 1483 3920 annaliter-Anacreonta

357 3942 472 3991 missum.
493 3941 536 3992 (ii.
554 3942 606 3992 ΔΡ.
626 3945 673 3993 45ε
692 3947 824 4009 promised
841 3958 900 3992 aar·
945 3941 1054 3992 Teium.-
1084 3939 1218 4006 bathyllus
1247 3954 1313 3988 unus
1336 3953 1482 4004 puerorum,

356 4012 440 4061 minis
459 4016 565 4061 auctor.
587 4011 637 4060 Sed
654 4012 734 4062 uerba
752 4012 818 4061 olim
833 4026 900 4076 pro·
943 4026 1006 4076 quos
1019 4009 1153 4058 Anacreon
1167 4008 1274 4057 amauit.
1293 4005 1419 4057 Maximus
1432 4005 1484 4075 ny-

357 4082 468 4128 me'saum
481 4087 668 4130 comearecte
679 4081 809 4145 pensitatu
820 4079 898 4142 aliud,
942 4081 996 4129 rins
1010 4077 1066 4127 Vltl
1079 4094 1104 4143 p.
1115 4077 1164 4126 96:
1182 4073 1199 4138 ἡ
1219 4073 1250 4126 dd
1269 4077 1317 4126 τοῦ
1332 4071 1417 4141 Τηΐου
1435 4089 1484 4126 σο-

358 4147 424 4210 quod
436 4145 462 4194 in
473 4146 573 4197 Horatii
586 4148 662 4198 rebus
672 4148 738 4198 scire
749 4163 796 4196 non
807 4147 899 4198 inutile
943 4148 1047 4215 φιστοῦ
1064 4147 1144 4213 τέχνη
1164 4145 1212 4194 τοῦ
1231 4139 1316 4195 αὐτοῦ
1333 4135 1420 4209 ἤθους
1436 4145 1485 4195 καὶ

358 4222 408 4277 ast,
422 4215 496 4265 nobis
511 4217 663 4279 recludunt,
682 4216 705 4266 si
723 4217 772 4264 buc
790 4217 900 4265 aduoca·
944 4211 1066 4285 τρόπου·
1085 4207 1204 4282 καὶγὰρ
1225 4208 1341 4265 πάντων
1360 4212 1409 4283 ἐρᾷ
1428 4215 1484 4264 τῶν

358 4284 471 4333 uenimus
487 4284 556 4348 'quod
575 4292 650 4350 poeta
671 4284 803 4350 professus
818 4291 858 4334 est
873 4283 900 4332 in
942 4285 1035 4337 καλῶν
1052 4283 1100 4333 καὶ
1119 4278 1230 4333 ἐπαινεῖ
1245 4278 1369 4339 πάντας·
1391 4277 1483 4351 μεστὰ

358 4352 475 4417 epistulis
488 4352 523 4416 (ll
537 4353 552 4401 2
565 4353 690 4419 49-54),
708 4352 758 4403 sibi
770 4367 900 4402 sermones
943 4351 975 4403 dd
994 4349 1079 4402 αὐτοῦ
1098 4345 1131 4401 τὰ
1148 4343 1262 4420 ᾄσματα
1281 4353 1328 4413 τῆς
1345 4349 1485 4420 Σμέρδιος

358 4421 472 4470 scribere
482 4421 598 4485 quamuis
608 4423 683 4472 unice
693 4421 847 4489 propositum
861 4435 902 4470 es·
943 4416 1030 4490 κόμης
1048 4420 1096 4470 καὶ
1114 4421 1169 4470 τῶν
1185 4413 1355 4482 Kleopatris
1374 4414 1484 4485 ὀφθαλ-

358 4496 407 4552 eet,
422 4498 507 4539 tamen
520 4495 643 4540 carmina
656 4507 754 4557 quoque
768 4506 795 4540 se
809 4489 900 4540 iecisse
943 4492 1007 4558 μῶν
1024 4489 1072 4540 καὶ
1090 4490 1138 4553 τῆς
1156 4483 1304 4540 Βαθύλλου
1323 4479 1405 4556 ὥρας.
1425 4487 1484 4538 Sta-

358 4558 634 4623 praemiieinductum,
649 4559 900 4624 mantuanensem
944 4567 1014 4608 tuam
1034 4560 1091 4608 cias
1110 4574 1125 4608 a
1138 4557 1272 4624 Polycrate
1289 4564 1398 4624 tyranno
1416 4558 1484 4620 posi-

358 4627 441 4676 aruico
455 4626 568 4692 praemia
581 4627 606 4676 in
620 4643 648 4677 se
661 4627 814 4678 conferenti,
830 4625 901 4691 Quae
943 4634 996 4676 tam
1014 4627 1138 4677 describit
1148 4625 1288 4692 Appuleius
1301 4625 1397 4676 Florid.
1412 4624 1432 4674 11
1453 4625 1484 4675 15

359 4710 415 4744 cum
434 4695 472 4744 ita
490 4696 556 4758 sint,
576 4711 651 4760 prece
669 4695 827 4747 Maecenatis
845 4711 902 4762 per-
944 4703 965 4746 t.
980 4695 1002 4745 lt
1020 4711 1044 4761 p.
1063 4696 1111 4746 128
1129 4697 1170 4746 ed.
1184 4696 1285 4760 Bipont.
1304 4693 1342 4744 De
1355 4701 1485 4744 structura
