3884 5525
957 611 1097 662 donarit

630 856 638 872 .
672 783 769 844 otium
785 780 865 841 hello
881 781 1003 851 furiosa
1018 779 1151 856 Thrace,

671 894 771 954 otium
785 889 870 954 Medi
887 884 1033 967 pharetra
1049 893 1164 968 decori,

673 1001 825 1080 Grosnhe,
843 1018 905 1077 non
920 1003 1053 1079 gemmis
1069 1018 1169 1078 neque
1185 1017 1322 1080 purpura
1337 1017 1391 1066 ue·
1488 1002 1497 1012 '

672 1115 742 1177 nale
757 1129 858 1189 nequo
874 1129 963 1175 auro.

674 1283 736 1331 non
752 1269 835 1329 enim
850 1282 951 1344 gazae
965 1282 1067 1343 neque
1083 1267 1258 1329 consularis
1323 1253 1327 1260 ’

673 1381 838 1462 submonet
852 1378 946 1440 lictor
961 1379 1093 1440 miseros
1109 1378 1263 1440 tumultus

673 1493 787 1553 mentis
803 1495 835 1552 et
849 1502 941 1552 ouras
958 1489 1102 1564 laqueata
1119 1491 1237 1551 atroam

673 1607 757 1664 tecta
772 1601 921 1663 uolantis,

675 1755 797 1816 uiuitur
811 1768 908 1830 paruo
923 1755 1014 1832 hene,
1033 1755 1084 1815 oui
1100 1757 1262 1830 paternum

676 1866 817 1941 splendet
831 1866 988 1926 inmensa
1003 1866 1090 1927 tenui
1106 1865 1253 1941 salinum,

535 2021 560 2069 5.
580 2018 669 2070 Oeium
682 2021 716 2069 H.
786 2020 894 2080 thraebe
909 2017 939 2068 G.

1046 2019 1071 2067 8.
1092 2034 1173 2082 neque
1187 2032 1249 2067 auro
1261 2017 1393 2084 Auriga:
1408 2034 1454 2068 neo
1467 2033 1530 2070 auro
1543 2019 1594 2078 Βς.

465 2088 491 2136 9.
511 2102 575 2151 gaze
584 2090 619 2138 A.
713 2089 754 2137 10.
775 2085 1352 2152 SubmouetBG‚SurhouetA,Si1mouetHg.
1444 2087 1484 2136 12.
1505 2088 1596 2136 uolan-

465 2155 499 2205 tis
512 2157 553 2206 A.-
571 2157 688 2206 uolantes
701 2157 800 2222 hung.

517 2317 543 2365 5.
558 2318 743 2383 beltosura'oaa
753 2317 870 2368 Thrace:
884 2325 925 2368 est
935 2313 1010 2383 ἀρει-

464 2379 556 2453 μανής
580 2386 726 2449 significatu
748 2387 847 2449 aetiuo,
869 2386 930 2436 belii
952 2401 1008 2438 eum

467 2453 553 2503 lurore
574 2457 698 2534 studiosa.
727 2455 768 2505 (11.
790 2455 893 2504 Lobeeii
912 2457 944 2505 ad
963 2456 1009 2506 So-

465 2523 549 2587 pboel.
580 2523 654 2577 Aine.
682 2524 740 2574 143.
779 2523 883 2574 Thrace
908 2523 1009 2576 Graeca

466 2591 547 2642 iornna
565 2608 627 2642 usus
647 2600 687 2644 est
707 2594 732 2642 in
746 2593 900 2643 carminibus
914 2594 959 2657 (ei.
976 2594 1008 2643 ill

465 2660 569 2724 2511),
592 2661 682 2712 Latine
703 2665 767 2711 llexa
785 2661 890 2714 Thraco
908 2663 933 2711 in
947 2663 1009 2728 upi-

466 2729 541 2780 stnlis
554 2729 578 2794 (l
592 2730 606 2779 3
620 2731 653 2793 3,
675 2731 707 2782 16
722 2731 776 2795 13).
804 2729 930 2781 Thracum
950 2746 1009 2781 sae·

464 2800 530 2849 uitia
543 2800 653 2866 bellique
670 2801 741 2851 furor
755 2801 847 2850 Romae
860 2801 1009 2864 percrebre-

465 2884 538 2919 seere
559 2870 643 2934 eoepit
660 2870 719 2920 inde
738 2886 752 2919 a
771 2870 838 2919 bello
852 2867 963 2919 Thracio
983 2885 1007 2919 a.

466 2938 516 2987 640
529 2940 565 2998 (a.
582 2938 642 2987 Chr.
660 2939 720 3004 114)
735 2945 822 3003 gesto,
844 2939 875 2987 lie
890 2954 938 3003 quo
951 2938 1009 2987 Flo·

465 3022 510 3056 rns
524 3006 557 3056 iil
572 3007 597 3068 4,
612 3006 701 3056 Liuius
713 3007 783 3072 Epit.
798 3006 841 3055 63.

518 3076 543 3123 6.
563 3078 648 3123 otiam
662 3075 736 3123 Medi
750 3076 885 3138 pharetro
898 3074 992 3123 decori
1000 3092 1008 3123 :

465 3143 516 3191 iam
537 3142 641 3190 tertium
665 3142 730 3190 idem
758 3157 846 3191 nomen
872 3143 1008 3207 repetitur,

466 3210 530 3273 quod
545 3204 628 3257 rar'uui
640 3210 705 3273 apud
716 3209 847 3258 Horatium
860 3218 886 3258 et
898 3212 1008 3260 tortasse

465 3276 593 3327 iuuentuti
623 3278 814 3327 ascribendum:
848 3292 905 3326 nam
930 3279 1007 3328 etiam

456 3363 490 3402 u.
507 3344 618 3393 33-35
633 3352 673 3394 est
686 3351 722 3408 te,
737 3346 794 3407 titt,
811 3351 847 3395 te.
869 3344 937 3395 Medi
952 3348 1007 3397 siue

464 3413 552 3463 Parthi
571 3429 617 3478 pro
636 3430 681 3463 suo
696 3414 807 3463 bellandi
820 3415 905 3463 studio
919 3417 1007 3480 phare-

464 3489 530 3531 tram
549 3489 676 3545 tamquam
689 3484 789 3533 unicum
804 3483 881 3533 deeus
894 3492 1006 3547 gestant.

516 3552 542 3600 i.
569 3550 705 3617 Grospho.-
729 3553 850 3601 sollerter
867 3554 942 3603 amici
964 3570 1008 3603 no-

463 3635 520 3669 men
534 3621 580 3669 boo
593 3620 648 3668 loeo
662 3621 759 3685 posuit,
781 3621 880 3671 scilieet
893 3623 1008 3687 deprom-

464 3697 554 3755 pturus
576 3690 729 3738 sententiam
750 3706 853 3753 grauem
873 3698 899 3740 et
918 3692 1007 3741 utilem

464 3759 496 3807 ad
509 3759 580 3807 uitae
593 3759 719 3807 rationem
732 3768 802 3809 reete
815 3760 1005 3811 moderandam.

464 3827 535 3876 Hane
548 3842 603 3875 euru
617 3827 697 3876 amieo
709 3830 916 3878 eomannnieando
927 3831 1006 3895 ipsum

464 3896 615 3962 honorauit3
627 3896 660 3945 ei.
673 3898 703 3945 ad
715 3896 737 3946 ll
750 3899 781 3946 14
793 3898 816 3947 6.
872 3914 922 3947 non
931 3915 1008 3963 gem·

463 3968 514 4012 mie
532 3980 618 4029 neque
631 3980 772 4029 purpura:
794 3968 840 4015 bas
859 3979 919 4031 opes
938 3982 1006 4017 mer-

464 4039 537 4081 eator
549 4047 609 4097 prae
626 4034 719 4083 ceteris
732 4050 824 4099 parare
837 4042 937 4099 potest,
957 4052 1006 4085 aa·

463 4116 523 4149 ram
537 4100 609 4149 miles
622 4116 654 4150 ex
672 4102 788 4153 hostibus
807 4104 942 4153 trucidatis
961 4110 1007 4153 aut

462 4169 557 4234 praeda
571 4176 654 4233 parta.

515 4238 594 4286 t-a.
612 4239 722 4287 ate-nalo
740 4255 824 4304 neque
839 4254 924 4287 aare:
945 4253 1006 4287 ean-

463 4304 518 4353 dem
538 4306 638 4355 ueniam
652 4306 770 4372 Sappbioi
789 4322 880 4355 uersus
895 4306 1005 4355 uidimus

462 4372 473 4422 Ι
487 4374 502 4421 2
516 4374 548 4421 20
562 4382 589 4423 et
601 4375 633 4423 25
649 4376 688 4424 11.
706 4373 782 4424 Notio
795 4376 889 4423 eeteris
902 4374 1006 4435 grauior

463 4442 501 4491 sie'
514 4454 529 4491 a
541 4444 668 4492 recitante
686 4444 837 4492 intenditur.

515 4511 619 4560 9-12.
641 4511 756 4559 Externa
768 4511 843 4571 bona,
858 4508 965 4559 diuitiae
979 4518 1005 4561 et

463 4578 582 4641 honores,
594 4580 671 4628 otium
685 4579 779 4628 donare
790 4585 927 4643 nequeunt,
938 4580 1005 4644 quod

461 4652 543 4695 metus
555 4654 582 4697 et
594 4662 670 4696 curae
682 4647 714 4696 iis
728 4662 776 4697 non
789 4647 979 4699 submouentur.

908 2157 949 2208 14.
968 2157 1090 2206 immensa
1105 2157 1136 2205 H.

1104 2317 1129 2366 9.
1155 2332 1208 2367 aaa
1229 2319 1301 2366 enim
1316 2331 1418 2382 gazae:
1439 2325 1596 2380 gazaesunt

1052 2387 1167 2436 thesauri
1182 2401 1284 2449 regum3
1305 2385 1339 2435 ei.
1355 2386 1386 2435 ad
1400 2386 1408 2436 l
1422 2386 1455 2436 29
1471 2385 1547 2435 1—2.

1106 2454 1147 2504 10.
1173 2457 1332 2504 submonet.-
1355 2455 1430 2504 lietor
1451 2455 1595 2504 consularis

1052 2523 1177 2572 hominurn
1196 2523 1295 2572 turbam
1315 2523 1413 2572 consuli
1432 2531 1517 2588 potest
1537 2523 1595 2572 sub·

1051 2607 1170 2655 mouere,
1190 2591 1396 2658 perturbationes
1412 2599 1441 2642 et
1458 2607 1533 2642 ouras
1546 2608 1595 2642 non

1051 2667 1145 2726 potest.

1106 2730 1175 2778 10—
1186 2728 1227 2777 11.
1248 2731 1360 2779 miseros
1375 2729 1509 2779 romuleos
1523 2745 1596 2780 men·

1053 2801 1106 2848 tls:
1120 2799 1160 2847 his
1171 2792 1251 2861 πάθη
1265 2806 1291 2848 et
1301 2799 1507 2864 perturbationes
1518 2799 1595 2849 animi

1051 2868 1150 2932 poetice
1164 2867 1277 2931 notauit3
1296 2870 1410 2919 naiseroe
1429 2868 1471 2932 qni
1486 2869 1595 2918 miseros

1052 2936 1159 2985 iaciunt.
1468 2942 1474 2953 ¹

1104 3004 1133 3053 11
1144 3031 1176 3040 -
1187 3004 1228 3052 12.
1255 3004 1383 3069 laqueata
1403 3007 1504 3055 ciream
1522 3010 1595 3055 taeta

1050 3072 1190 3121 uolantia:
1216 3079 1285 3122 teeta
1307 3074 1428 3137 laqueata
1449 3073 1592 3137 (getdielte,

1050 3140 1251 3204 welleaiormige
1281 3142 1403 3207 Deoben)
1435 3142 1496 3191 dicit
1526 3149 1595 3191 tecta

1051 3208 1175 3257 atriorum
1196 3209 1334 3260 artificiose
1354 3218 1469 3273 structa,
1493 3211 1594 3277 saepius

1051 3290 1112 3326 auro
1138 3278 1238 3327 intexta
1262 3286 1288 3328 et
1313 3286 1417 3343 ornata,
1445 3279 1526 3329 torma
1549 3294 1594 3329 sua

1050 3346 1120 3395 lacus
1138 3346 1260 3397 undantis
1279 3348 1436 3413 superficiem
1456 3348 1593 3399 imitantia.

1046 3410 1205 3480 ‘Laquearia
1224 3424 1309 3465 autem
1326 3418 1445 3466 dieantur
1458 3432 1534 3483 opera
1553 3432 1594 3467 ea-

1050 3499 1135 3533 merae
1154 3486 1179 3533 in
1193 3486 1265 3534 laens
1277 3480 1418 3535 eolleetae‘.
1433 3486 1531 3536 Aenon.
1550 3485 1595 3535 isi·

1051 3552 1128 3603 dorus
1142 3552 1214 3617 orig.
1230 3552 1279 3603 XV
1292 3554 1307 3603 8
1321 3556 1352 3604 6:
1373 3555 1516 3620 laquearia
1532 3561 1597 3605 aaut

1051 3638 1119 3685 quiae
1131 3638 1265 3672 eameram
1278 3624 1426 3688 subtegunt
1440 3621 1467 3673 ei
1481 3629 1592 3686 ornant,

1051 3707 1120 3755 quae
1144 3697 1173 3740 et
1201 3692 1344 3741 lacunaria
1374 3691 1512 3739 dieantur.
1552 3691 1593 3741 Cf.

1052 3761 1136 3809 Caum.
1152 3758 1173 3808 ii
1195 3760 1226 3809 18
1241 3760 1265 3808 2.
1292 3758 1345 3807 Cic.
1361 3757 1440 3819 Legg.
1457 3756 1479 3805 il
1495 3758 1524 3805 l:
1544 3775 1595 3823 pu-

1051 3832 1170 3877 aitnentu
1180 3841 1334 3877 marmorea
1344 3830 1372 3873 et
1381 3826 1509 3887 laqueata
1521 3832 1594 3877 taeta

1051 3902 1198 3945 contemno.
1239 3893 1339 3943 Statius
1367 3891 1448 3941 Theb.
1481 3892 1491 3942 l
1524 3896 1591 3945 1441

1051 3980 1143 4013 crasso
1157 3947 1297 4027 laquearia
1301 3962 1388 4023 fulua
1402 3963 1522 4013 metallo.
1544 3963 1594 4013 Cu·
1686 3972 1690 3977 ·
1724 3954 1732 4021 ¹,

1050 4047 1095 4081 rae
1121 4027 1280 4096 (φροντίδες
1304 4023 1467 4096 ἀνθρώπων
1495 4030 1594 4097 ἔλαχον

1050 4095 1139 4165 πτερὰ
1149 4092 1247 4147 ποικίλ’
1258 4096 1506 4165 ἔχουσαιΤὴοοςῐιίε
1515 4102 1592 4167 1227)

1049 4168 1183 4233 praecipue
1197 4166 1304 4215 diuitum
1322 4175 1348 4217 et
1360 4171 1500 4233 potentium
1516 4172 1593 4221 aedes

1047 4236 1196 4299 magnificas
1226 4236 1421 4287 eiroumuolant.
1461 4235 1593 4289 ‘Ostendit

1050 4320 1098 4354 non
1121 4304 1181 4353 alibi
1201 4304 1334 4367 grauiores
1348 4321 1424 4356 ouras
1438 4323 1505 4371 esse,
1520 4322 1592 4372 quam

1049 4373 1092 4423 nbi
1106 4373 1215 4422 maiores
1229 4389 1288 4438 opes
1303 4370 1379 4425 sunt’.
1395 4376 1568 4426 Ponnnrnron.

1103 4442 1177 4491 12-
1189 4442 1231 4493 16.
1261 4442 1361 4509 Pauper
1379 4444 1444 4495 bene
1465 4445 1547 4508 uiuit,
1570 4444 1591 4493 si

1049 4511 1124 4561 adest
1136 4519 1257 4577 quantum
1271 4528 1333 4577 opus
1346 4520 1401 4577 est,
1423 4514 1445 4563 si
1465 4521 1541 4564 uaoat
1559 4513 1590 4563 ti-

1048 4596 1117 4632 more
1131 4588 1157 4632 et
1170 4582 1298 4647 cupidine.

1101 4651 1177 4701 131-
1190 4652 1231 4702 14.
1260 4654 1305 4701 eui
1319 4656 1467 4717 paternum
1480 4676 1513 4688 -
1525 4650 1592 4701 aali-
