3884 5525
761 623 939 676 ClllllllNVld
956 623 979 676 ll
1001 625 1042 676 19.

553 797 663 872 euhoe,
681 796 800 857 recenti
815 809 904 856 mens
919 794 1054 870 trepidat
1070 798 1155 856 metu

550 907 705 984 plenoque
719 902 836 967 Bacchi
850 909 976 982 pectore
991 905 1149 968 turbidum

552 1018 700 1080 lactatur.
732 1017 842 1093 euhoe,
860 1031 953 1093 parce
966 1013 1074 1094 Liber,

552 1142 645 1204 parce
659 1127 751 1204 graui
766 1129 931 1189 metuende
946 1127 1069 1203 thyrso.

552 1282 601 1342 las
615 1281 860 1356 peruicaces'est
875 1278 953 1340 mlht
966 1275 1127 1356 Thyiadas
1169 1234 1186 1268 ⁰

552 1392 680 1467 uinique
695 1393 825 1467 iontem,
842 1391 934 1451 lactis
950 1393 981 1450 et
997 1390 1109 1452 uberes
1210 1481 1215 1492 x

554 1506 682 1564 cantare
696 1503 795 1578 riuos,
812 1506 906 1577 atque
921 1503 1043 1564 truncis

552 1612 641 1688 lapsa
656 1613 744 1674 cauis
758 1613 875 1673 iterare
889 1612 994 1688 mella,

412 1784 439 1834 5.
458 1783 616 1833 Priscianus
629 1779 677 1831 XV
690 1781 705 1830 ³
722 1782 761 1833 17.
824 1783 975 1848 cnboeAH‚
990 1781 1095 1833 Eubobo
1105 1797 1134 1847 g,
1149 1782 1203 1833 lieu
1216 1783 1264 1833 boe
1274 1783 1471 1845 erronearum,

344 1851 381 1913 lle
394 1853 426 1902 bc
439 1852 471 1901 be
484 1851 515 1902 t'.
625 1851 651 1900 6.
672 1851 746 1900 bacbi
758 1851 883 1916 ABGHg.
992 1853 1016 1901 7.
1037 1853 1118 1902 euhoe
1130 1852 1181 1902 ΑΗ
1193 1853 1233 1916 (in
1246 1853 1271 1902 A
1284 1867 1315 1902 cu
1326 1889 1332 1902 .
1344 1852 1407 1914 boc,
1427 1851 1475 1902 red

342 1926 474 1986 punctum
487 1924 526 1969 est
538 1925 604 1969 nota
616 1919 755 1984 metrica),
776 1921 824 1970 beu
839 1921 886 1970 boe
896 1920 928 1984 B,
949 1919 1048 1970 enbobe
1059 1937 1088 1986 g,
1103 1921 1200 1970 beuobe
1214 1919 1244 1971 G.
1350 1921 1376 1970 9.
1399 1921 1474 1988 thya-

344 2023 390 2072 das
399 2021 459 2086 AG,
480 2012 582 2072 tbindas
596 2020 646 2086 lig,
661 1985 754 2088 tdadas
767 2023 800 2073 B.

345 2191 451 2258 cupidos
468 2191 630 2256 ostenderet3
650 2197 763 2242 acutas:
779 2186 828 2243 ‘sic
848 2193 888 2242 ai·
930 2192 1031 2254 brauit,
1050 2201 1079 2244 ut
1097 2194 1220 2258 insignem
1241 2195 1392 2247 uarietatem
1415 2194 1474 2246 effe-

345 2261 433 2310 demus
447 2260 557 2326 Satyros
574 2260 651 2322 fingi,
670 2261 793 2324 oblongas
811 2276 888 2311 aures
931 2262 1006 2325 ecrit,
1024 2263 1082 2312 dum
1095 2265 1169 2312 modo
1182 2271 1299 2327 agentem
1313 2264 1435 2314 Bacchum
1449 2271 1475 2313 et
1539 2321 1541 2330 Ι

346 2337 486 2393 scotusque
495 2323 635 2378 babentca'.
645 2328 815 2380 Ponrnxaron.
826 2329 890 2379 Sae-
932 2329 1034 2381 iortiter
1042 2339 1193 2396 pugnantem
1203 2332 1316 2395 (14-16
1326 2340 1352 2382 et
1363 2332 1474 2394 21-28)

344 2413 374 2464 pe
386 2397 463 2448 simul
475 2397 602 2460 cornigeri
613 2399 771 2463 aspiciuntur
783 2399 809 2448 in
823 2400 888 2448 artis
931 2399 1045 2462 inducit,
1066 2400 1138 2448 modo
1158 2400 1222 2448 alios
1242 2400 1354 2450 ostendit
1367 2401 1474 2449 numinis

345 2467 474 2532 operibns.
498 2467 661 2531 Capripeder
679 2467 787 2534 Satyros
807 2466 889 2516 liora·
931 2467 1045 2534 potentia
1069 2468 1141 2517 uarie
1166 2467 1269 2517 allectos
1293 2467 1427 2528 (13-14
1449 2474 1474 2517 ot

345 2537 380 2584 tic
397 2535 512 2600 praeiait
529 2534 665 2584 Lucretius
683 2535 729 2585 llll
748 2536 815 2597 5783
834 2536 888 2600 ple·
931 2535 1057 2598 att-32).
1109 2536 1266 2586 Perur'cacer
1280 2533 1474 2601 sunt'lbyiades

345 2619 451 2669 rumque
475 2604 591 2652 humanis
614 2603 722 2668 pedibus
748 2604 887 2666 linguntur.
932 2603 1131 2666 siueBaccbae‚
1153 2604 1218 2668 qnod
1237 2603 1261 2652 in
1284 2603 1381 2652 luriosa
1399 2603 1475 2653 laeti-

346 2672 436 2737 ltaque
457 2673 540 2737 perite
562 2672 652 2721 scribit
670 2673 770 2722 Acron:
793 2670 889 2722 ‘Panas
931 2672 970 2722 tia
984 2672 1025 2722 die
1039 2679 1163 2737 noctuque
1176 2673 1324 2737 perdurant.

346 2742 413 2792 dixit
430 2755 565 2806 caprarum
583 2741 660 2806 pedes
678 2735 821 2792 babentes’.
844 2756 889 2792 ca·
987 2741 1027 2792 10.
1046 2744 1155 2807 uinique
1160 2743 1287 2806 sontem:
1302 2741 1415 2806 respexit
1424 2739 1475 2790 Eu-

342 2811 468 2877 pripedes
487 2811 573 2859 Panes
593 2810 670 2859 babet
687 2810 835 2877 Propertius
855 2808 890 2860 lll
933 2810 1025 2875 ripidis
1038 2811 1130 2863 Bacch.
1146 2812 1212 2859 706:
1233 2802 1299 2873 drap
1315 2807 1346 2859 dt
1358 2802 1472 2878 νάρθηκ’

347 2881 376 2929 17
391 2880 434 2929 34.
932 2877 961 2935 ἐς
974 2877 1061 2929 πέδον
1077 2880 1180 2942 καθῆκε
1192 2880 1251 2945 γῆς,
1270 2877 1318 2928 καὶ
1332 2876 1396 2948 τῇδε
1409 2870 1475 2947 κρή-

397 2946 477 2997 5-8.
492 2945 571 2995 Poeta
584 2946 634 2996 uisi
647 2947 757 2996 numinis
769 2948 890 2997 maiesta-
933 2962 985 3012 νην
996 2942 1100 3009 ἐξανῆκ’
1115 2949 1191 2998 οἴνου
1205 2942 1279 3003 θεός.

347 3024 395 3065 tcm
413 3022 441 3065 et
458 3016 511 3065 uim
522 3015 596 3063 modo
611 3021 755 3080 perceptam
768 3016 891 3066 describit
988 3016 1374 3070 10—11.lacrueccoeres-,
1383 3018 1474 3065 νιίιοκε

346 3086 423 3135 ctiam
437 3100 503 3134 nnnc
516 3092 649 3149 correptus
661 3091 688 3133 et
700 3085 823 3147 agitatus.
934 3085 1070 3151 Euripides
1089 3085 1106 3133 l.
1122 3098 1145 3135 c.
1160 3086 1225 3135 708:
1244 3076 1324 3139 ὅσαις
1337 3081 1366 3133 δὲ
1379 3084 1476 3133 λευκοῦ

397 3154 423 3202 5.
444 3154 543 3209 euhoe:
560 3146 635 3201 ‘mira
649 3154 755 3215 energia
767 3160 836 3203 totos
849 3152 890 3202 bic
934 3148 1070 3235 πώματος
1082 3147 1172 3211 πόθος
1185 3155 1285 3223 παρῆν,
1306 3146 1414 3221 ἄκροισι
1427 3149 1476 3201 da-

346 3222 417 3272 locos
436 3222 590 3286 explicatur.
622 3220 656 3271 Bt
674 3228 714 3271 est
734 3222 814 3271 bonus
833 3237 892 3271 sen·
934 3222 1059 3272 scriotor
1077 3220 1221 3289 διαμῶσαι
1235 3218 1329 3289 χθόνα
1341 3214 1477 3288 γάλακτος

347 3306 406 3340 sns:
425 3291 485 3340 uiso
504 3290 570 3339 enim
589 3289 637 3338 deo
656 3290 713 3354 quis
728 3306 776 3339 non
790 3298 891 3355 pertur-
934 3285 1036 3359 ἑσμοὺς
1048 3288 1131 3357 εἶχον.

348 3358 438 3422 betur,
455 3358 518 3409 licet
529 3358 651 3423 gaudeat.
671 3358 705 3407 lte
718 3358 782 3409 bene
796 3358 892 3425 repeti·
988 3360 1099 3409 11-12,
1121 3363 1227 3410 truncis
1241 3360 1319 3422 lapsa
1331 3387 1366 3396 —
1378 3359 1475 3409 mella:

346 3435 398 3477 tum
410 3429 511 3490 cubae,
533 3427 605 3491 quasi
623 3427 786 3477 incitamento
799 3428 891 3477 mentis
934 3426 1071 3493 Euripides
1089 3429 1106 3477 l.
1123 3445 1145 3477 e.
1161 3428 1226 3477 710:
1246 3426 1275 3477 ἐκ
1294 3424 1325 3478 dd
1342 3430 1477 3479 κισσίνων

348 3496 378 3544 ad
401 3497 469 3545 bane
493 3496 704 3545 exclamationem
731 3489 889 3561 instigante‘.
932 3490 1051 3563 θύρσων
1073 3497 1197 3563 γλυκεῖαι
1223 3496 1334 3564 μέλιτος
1364 3494 1477 3554 ἔσταζον

348 3562 520 3615 Ponrnrnrorr.
934 3564 1075 3629 (stillantes
1095 3566 1266 3624 labebantur)
1283 3563 1354 3633 ῥοαί.
1375 3564 1438 3613 ilinc
1451 3572 1478 3613 et

399 3634 425 3683 6.
442 3634 576 3698 plenoque
585 3660 617 3669 -
624 3638 748 3697 pectore:
764 3632 799 3682 lll
811 3632 843 3681 25
857 3632 889 3681 2:
933 3634 1030 3683 clarum
1044 3640 1084 3681 est
1096 3648 1159 3697 qnos
1173 3638 1282 3681 truncos
1295 3648 1359 3681 nunc
1372 3632 1476 3694 dixerit,

348 3717 464 3765 quomo,
481 3702 590 3763 Bacche,
606 3705 680 3765 rapis
694 3701 875 3765 tuiplenum?
934 3702 1036 3768 tbyrsos
1061 3702 1160 3749 scilicet
1184 3716 1217 3749 cx
1241 3704 1346 3749 huncio
1367 3700 1477 3748 hederae

398 3772 491 3821 6-7.
517 3769 657 3819 turbidum
676 3771 815 3819 lactatur:
837 3776 893 3817 tur·
934 3769 1036 3833 lectos,
1062 3776 1088 3817 et
1112 3774 1183 3833 patet
1207 3783 1253 3817 cor
1276 3767 1353 3816 mella
1379 3767 1477 3817 truncis

349 3838 663 3898 bidulaetitiamouetur3
683 3838 891 3889 eruoltttt.
935 3838 1012 3903 lapsa
1032 3844 1211 3886 memorentur.
1242 3833 1297 3884 Non
1311 3836 1434 3897 cogitauit
1446 3836 1477 3885 de

349 3906 507 3961 Vocabulum
527 3907 666 3956 turbidum
682 3907 775 3957 amari
788 3906 892 3956 turbido
936 3907 1010 3956 siluis
1030 3912 1056 3955 et
1073 3919 1212 3969 quercuum
1230 3904 1327 3953 truncis
1346 3904 1420 3953 roella
1435 3920 1478 3953 su-

242 3977 251 4036 ,’
350 3976 380 4025 ad
393 3976 504 4025 animum
517 3975 670 4024 translatum
683 3983 733 4025 est.
935 3974 1072 4031 dantibus,
1094 3981 1122 4023 ut
1133 3971 1264 4036 Vergilius
1283 3972 1371 4035 llclog.
1391 3974 1407 4021 4
1427 3973 1476 4035 6οι

399 4045 491 4094 7-8.
513 4044 711 4110 parcebatur,
733 4060 833 4109 parce:
860 4042 892 4091 ab
935 4044 1064 4095 etdurao
1082 4058 1196 4107 quercus
1215 4041 1353 4091 sudabunt
1370 4042 1478 4091 roscida

349 4115 413 4163 omni
427 4114 506 4162 nimio
519 4112 660 4162 abhorrens
672 4112 797 4161 laetitiam
810 4113 893 4161 incre·
935 4114 1026 4162 mella.
1048 4112 1075 4161 ln
1095 4112 1134 4161 bis
1152 4112 1217 4161 enim
1239 4110 1307 4159 nulla
1326 4110 1419 4160 Bnccbi
1438 4110 1478 4159 uis

349 4190 478 4242 mentera,
500 4182 600 4246 qualern
613 4182 639 4229 in
653 4196 681 4229 se
694 4182 787 4243 sentit,
802 4181 894 4245 depre-
937 4182 1091 4246 agnoscitur.
1168 4234 1170 4242 Α

349 4258 430 4301 catur.
456 4250 544 4299 Etiam
563 4250 610 4298 boc
628 4250 761 4314 praeclare
781 4248 844 4299 iacit
861 4248 893 4298 ad
990 4250 1030 4299 12.
1047 4252 1166 4299 iterare:
1182 4263 1317 4313 quaerere
1330 4248 1396 4297 lacta
1409 4253 1478 4309 sunt,

350 4320 398 4369 uim
412 4320 524 4369 numinis
540 4318 726 4384 explicandam.
936 4318 1024 4368 uerbis
1043 4319 1138 4367 iterare
1155 4316 1225 4367 licet.
1246 4316 1361 4365 Praeiuit
1373 4315 1481 4365 Plautus

400 4386 894 4451 9-ll.sas-mellu:quinspcctu
936 4387 1009 4437 Asin.
1031 4386 1064 4436 lll
1089 4385 1174 4435 221:
1202 4391 1250 4435 tua
1272 4401 1375 4451 quoque
1396 4383 1479 4432 male·-

351 4456 619 4518 numioisdigonsest
636 4455 754 4514 babitus,
774 4470 819 4503 suo
837 4455 894 4503 iure
929 4455 1129 4527 sactuitorori
1143 4454 1412 4517 multa—possunt.
1430 4451 1479 4498 rte-
1546 4466 1558 4489 ·
1610 4500 1616 4512 ‚

350 4530 376 4574 et
388 4525 446 4575 sine
457 4532 527 4575 metu
541 4522 652 4573 offensae
672 4524 738 4573 bunc
758 4524 832 4573 deum
851 4538 895 4571 ce-
937 4524 994 4573 cius
1018 4523 1045 4572 in
1070 4521 1194 4573 Macrobii
1219 4520 1322 4572 Satura.
1347 4518 1357 4567 l
1379 4518 1392 4565 7
1416 4517 1484 4565 lime
1581 4580 1585 4585 Ι

350 4592 452 4644 lebrarc
470 4598 570 4657 potest:
595 4607 653 4641 nam
671 4592 733 4641 deus
755 4592 809 4657 ipse
827 4590 895 4640 inni-
937 4606 1018 4641 sacru
1031 4606 1101 4655 quae
1112 4590 1212 4640 Cronia
1226 4604 1282 4638 erre
1294 4590 1433 4637 iterantur
1441 4585 1480 4635 ad

350 4662 426 4712 teuit.
445 4660 543 4713 Verum
560 4660 598 4711 ita
615 4661 689 4711 deum
701 4658 810 4710 Flaccus
828 4658 895 4709 ccle-
938 4660 1006 4709 illis.
