3884 5525
794 612 973 666 cenulttvts
990 613 1036 666 llll
1054 616 1079 665 4.

577 782 717 848 Drusum
732 787 893 861 gerentem
909 780 1083 863 Vindeiiot3
1100 784 1214 861 quibus

577 909 644 957 mos
660 894 742 957 unde
757 894 909 958 deductus
924 910 982 971 per
995 910 1088 957 omne

575 1010 698 1081 tempus
714 1002 887 1067 Amazonio
903 1006 1008 1068 securi
1032 1071 1039 1080 ,

575 1159 705 1221 dextras
721 1158 872 1236 oburmet,
890 1172 1042 1235 quaerere
1057 1160 1176 1236 distuli,

576 1284 633 1339 neo
649 1271 732 1333 seire
747 1270 797 1331 tus
813 1274 862 1333 est
877 1270 993 1348 omnin,
1012 1271 1067 1333 sed
1083 1271 1136 1333 dtu

573 1382 698 1458 iateque
712 1381 860 1443 uictrices
876 1386 1023 1443 cateruae

574 1492 716 1555 consiliis
732 1493 858 1555 iuuenis
873 1493 1014 1555 reuictae

435 1628 558 1680 18-21.
578 1630 669 1697 quibus
681 1658 716 1667 —
728 1628 819 1680 distuli
832 1629 944 1681 Seruius
957 1628 995 1678 nd
1005 1628 1108 1695 Vergil.
1121 1630 1189 1679 Aen,
1205 1629 1214 1679 l
1228 1630 1289 1680 243.
1306 1627 1312 1633 ’
1400 1632 1443 1684 21.
1464 1634 1496 1682 ob

363 1704 446 1747 armet
459 1698 533 1763 erig,
554 1700 684 1749 subarmet
698 1698 729 1749 G.
818 1714 909 1750 uerene
922 1697 978 1749 GH.
1084 1698 1127 1747 22.
1147 1696 1200 1749 Nee
1213 1699 1280 1749 seire
1292 1699 1375 1764 ligor.-
1395 1702 1495 1751 nescire

363 1765 470 1886 Niger?
477 1767 695 1887 ppnqpeporreeti
705 1784 731 1817 o.
746 1784 783 1818 m.
797 1716 851 1819 Nee
864 1766 940 1817 seire.
1061 1766 1103 1817 24.
1123 1766 1250 1835 renietae]
1264 1783 1397 1835 repressae
1412 1770 1496 1820 Grue-

363 1972 455 2022 uitium
479 1973 517 2024 sie
540 1974 663 2025 inlertur:
696 1990 745 2027 non
769 1975 835 2025 enim
860 1974 907 2025 sub
950 1989 1046 2024 sonem
1069 1975 1187 2023 securim
1211 1972 1351 2034 (inuenisse
1382 1976 1493 2043 dieunt).

363 2040 452 2091 llaetis
465 2042 581 2108 Alpibus,
596 2044 662 2094 unde
676 2042 778 2094 llbenns
791 2060 907 2110 prorum·
951 2041 1042 2093 Securi
1055 2048 1169 2092 armatas
1182 2042 1258 2092 etiam
1271 2044 1336 2093 artis
1349 2060 1426 2111 opera
1435 2046 1495 2097 illas

363 2110 416 2175 pit,
440 2111 484 2161 sed
505 2111 665 2163 Tridentinis
683 2112 790 2179 Alpibus
809 2112 907 2163 Drusus
950 2112 1261 2177 plerumqnemonstrant,
1274 2127 1495 2178 qnorumnumero

364 2180 462 2229 bostem
487 2180 592 2231 offendit
615 2196 645 2232 ao
676 2182 782 2249 reiecit3
813 2182 847 2233 ei.
874 2182 906 2231 ad
951 2195 1033 2245 nuper
1049 2180 1496 2247 sesessitglediusblogontiaeise-

363 2264 387 2296 u.
404 2248 446 2297 24.
480 2248 555 2300 Rueti
576 2249 703 2301 Vindelici
724 2266 739 2300 a
758 2251 840 2301 Druso
860 2250 906 2301 sub
948 2256 1053 2315 pertus,
1073 2246 1203 2297 alileinio
1214 2249 1376 2303 lineamentis
1388 2268 1496 2319 expres-

354 2316 469 2383 ,blpibus
494 2320 630 2385 oppugnati
658 2319 729 2370 luere
755 2320 859 2371 Breuni
881 2326 907 2369 et
951 2333 996 2367 sus
1009 2317 1111 2366 adieeta
1123 2318 1346 2369 commentatione.

365 2384 505 2445 Genounr'3
524 2387 606 2438 elllll
621 2389 652 2438 lt
668 2388 709 2438 10.
1002 2386 1045 2434 21.
1076 2387 1216 2435 obarmet:
1240 2388 1273 2435 ob
1298 2387 1414 2438 hostilem
1439 2390 1494 2439 ani-

415 2455 539 2505 18-22.
561 2458 731 2523 quibrssmos
750 2457 847 2521 -sos
867 2461 907 2506 est
948 2468 1015 2504 mum
1035 2453 1170 2519 exprimit,
1189 2460 1218 2503 ut
1234 2455 1259 2503 in
1273 2456 1411 2519 obsidere,
1434 2459 1495 2507 obe·
1576 2503 1581 2507 .

363 2527 468 2574 omnio:
487 2530 527 2574 est
544 2524 669 2588 digressio
687 2532 713 2575 et
732 2525 813 2593 lyrieo
831 2532 905 2591 poeto
949 2526 1074 2587 querare,
1095 2536 1236 2584 oeeurere,
1262 2524 1418 2585 obfiririore.
1444 2524 1492 2575 Vei

362 2592 438 2656 digna
460 2600 486 2643 et
509 2594 567 2643 buie
589 2594 644 2643 loeo
667 2600 725 2661 apte
751 2593 906 2645 inseruiens.
950 2592 999 2641 boe
1016 2591 1123 2640 uerbum
1141 2590 1174 2639 ab
1186 2589 1292 2640 llorstio
1311 2591 1392 2657 primo
1405 2608 1493 2643 ausum

361 2659 484 2712 Nimirum
496 2661 617 2717 llorutius
631 2671 687 2729 post
700 2664 819 2728 impetum
833 2662 905 2728 quasi
949 2667 1001 2710 tour
1014 2660 1120 2722 elegeris
1129 2667 1180 2721 est,
1192 2666 1219 2707 ut
1229 2659 1406 2725 interpoletur,
1418 2677 1492 2726 quem

362 2746 441 2782 nouos
464 2731 532 2782 uires
553 2732 677 2796 colligens
696 2730 798 2800 puulum
818 2732 906 2783 immo·
948 2730 1036 2796 plures
1054 2728 1138 2780 eritiei
1157 2735 1262 2779 auctore
1275 2727 1370 2780 Guieto
1388 2729 1414 2780 in
1433 2746 1494 2782 uer-

361 2807 435 2856 rutur
456 2801 481 2850 iu
504 2801 608 2866 antiqua
629 2801 793 2866 (Amuzoniu)
812 2800 906 2851 liesto-
948 2799 990 2849 bis
1011 2800 1107 2864 quibus
1131 2813 1189 2848 moa
1213 2825 1247 2834 -
1264 2799 1317 2863 sas
1338 2804 1380 2850 est
1401 2803 1493 2851 omnia

360 2885 414 2919 rum
435 2877 576 2920 armature.
604 2870 754 2920 lmmorutur
769 2877 854 2919 autem
872 2869 904 2919 ob
948 2867 1075 2929 (18-22)
1086 2867 1189 2917 odorati
1201 2874 1269 2929 suut,
1283 2867 1307 2915 in
1320 2868 1344 2916 id
1358 2883 1492 2934 numquam

361 2938 450 2989 doetus
463 2939 625 3002 adulatores,
646 2940 688 3004 qui
703 2939 796 2990 liuetns
811 2937 905 2988 Vinde·
948 2936 1092 2987 incidisset.

256 3059 263 3073 ‚
360 3007 423 3058 linos
441 3023 497 3058 enm
517 3008 688 3058 Arnuzouibus
710 3010 844 3069 iungentes
866 3008 906 3056 in·
1001 3005 1042 3055 22.
1062 3003 1493 3069 ποοεοίνοῙαεοεέοηιηίαεΡίῑι·

360 3076 462 3126 solitum
477 3076 638 3126 nobilitatem
655 3077 692 3126 illi
711 3076 802 3141 populo
822 3075 905 3125 uindi-
947 3074 1026 3124 durus
1044 3071 1131 3122 lstbm.
1153 3072 1163 3123 l
1182 3074 1231 3123 63:
1254 3062 1271 3136 ’ἦ
1292 3067 1353 3141 μὰν
1374 3068 1493 3124 πολλάκι

359 3161 419 3196 aare
433 3152 460 3194 et
474 3145 587 3195 uictores
600 3143 714 3196 Nerones
734 3160 779 3194 sno
800 3143 903 3195 inuento
946 3143 995 3194 nal
1004 3136 1035 3192 rei
1047 3143 1249 3210 σεσωπαμένον
1258 3137 1492 3260 εὐθυίιίανμείζω

360 3214 673 3265 illustrareeouatisunt.
701 3213 753 3264 lloo
766 3213 858 3277 collige
871 3229 904 3264 ex
947 3213 1036 3280 φέρει.
1067 3209 1140 3260 Nem.
1168 3209 1188 3259 V
1213 3211 1260 3261 18:
1287 3227 1323 3261 eeu
1356 3205 1388 3261 rb
1409 3225 1437 3261 σι
1456 3213 1492 3262 siv

361 3283 398 3332 bis
411 3283 499 3332 uerbis
513 3282 711 3350 Porphyrionis:
724 3278 761 3332 ‘bi
775 3280 904 3332 Vindeliei
947 3275 1080 3336 πολλάκις
1091 3278 1152 3330 ἐστὶ
1165 3276 1332 3347 σοφώτατον
1345 3274 1491 3348 ἀνθρώπῳ

360 3353 391 3401 ab
404 3353 575 3402 Amazonibus
588 3351 665 3402 eieeti
683 3350 737 3402 suis
755 3350 858 3401 sedibus
871 3367 904 3400 ex
945 3353 1053 3413 νοῆσαι.
1386 3341 1395 3358 “

358 3419 471 3472 Thracia
491 3421 515 3470 in
536 3420 640 3472 exilium
659 3437 686 3470 se
699 3420 839 3470 contulisse
852 3420 904 3470 elio
995 3417 1109 3467 22-23.
1132 3417 1182 3467 sed
1198 3417 1247 3467 da'u
1265 3418 1374 3484 lateque
1392 3421 1492 3468 ue'etre'·

359 3490 435 3554 inque
460 3490 528 3554 iugis
553 3489 679 3540 insedisse
704 3489 851 3551 dicuntur,
877 3495 904 3538 et
946 3501 989 3536 ees
1007 3491 1153 3536 cateruae:
1170 3486 1197 3534 in
1215 3486 1316 3536 ltaliam
1333 3486 1491 3550 superiorem

275 3565 285 3574 “
359 3560 425 3624 quod
446 3559 602 3624 potissimum
623 3559 649 3607 in
669 3573 696 3607 se
715 3558 768 3608 toln
788 3572 904 3608 secures·
946 3561 974 3604 et
985 3554 1011 3603 iu
1024 3551 1135 3603 Galliam
1147 3554 1320 3619 praedabundi
1333 3554 1488 3620 irruperant.

359 3643 408 3692 que
421 3627 577 3678 Amazonum
590 3626 688 3694 experti
702 3625 813 3684 luerint,
832 3626 903 3691 ipsos
947 3621 997 3672 Dio
1016 3621 1085 3672 Lllll
1103 3623 1146 3670 22.
1173 3623 1346 3671 Aduersatiua
1364 3622 1490 3687 partieuls

358 3711 431 3746 usum
445 3711 532 3746 eornm
548 3697 573 3745 in
592 3696 660 3746 bollo
679 3689 827 3760 aeeepisse’.
853 3693 904 3743 lta·
945 3690 993 3740 sed
1009 3697 1109 3755 spectat
1124 3704 1229 3739 seeures
1243 3688 1381 3737 Raetorum
1399 3689 1491 3737 aduer-

301 3773 305 3778 '
359 3779 408 3830 qne
427 3764 549 3814 Horatius
571 3779 657 3814 eorum
678 3763 779 3813 lubores
802 3761 902 3825 irridet,
946 3757 1177 3818 sariistimendus3
1198 3763 1352 3820 quapropter
1370 3756 1449 3805 uerba
1461 3771 1488 3804 u.

360 3834 402 3897 qui
428 3832 570 3884 Vindelicis
595 3832 704 3899 speciem
730 3831 901 3896 antiquitatis,
948 3826 1059 3878 18—22
1078 3825 1176 3888 quibus
1193 3849 1228 3860 —
1244 3827 1338 3874 omnia
1356 3838 1405 3872 uon
1425 3823 1490 3873 bene

359 3899 504 3951 Neronibus
536 3902 657 3952 maiorem
686 3901 794 3966 gloriam
819 3899 904 3950 eonei·
946 3891 1414 3959 siguisparentbesiseireumdantur.

358 3970 422 4020 liure
444 3970 616 4022 intenderant.
645 3970 833 4034 Digressionem
855 3983 903 4016 non
999 3964 1041 4014 24.
1076 3961 1198 4012 tonsillis
1221 3963 1328 4011 iuuenis
1352 3964 1489 4010 renietae:

357 4038 440 4088 minus
454 4040 565 4089 sobriam
576 4039 702 4090 eteritieo
714 4038 814 4101 dignam
825 4036 903 4086 bobes
947 4041 1023 4084 untea
1042 4031 1155 4081 uictores
1172 4029 1223 4080 iam
1240 4028 1289 4094 ipsi
1308 4043 1324 4078 a
1339 4029 1421 4079 llruso
1433 4029 1491 4079 nin-

358 4109 422 4174 apud
437 4106 575 4157 Pindarum
589 4107 630 4158 01.
648 4105 657 4157 l
672 4105 784 4157 28-42.
946 4110 1054 4163 cuntur,
1071 4101 1097 4150 b.
1111 4115 1136 4149 e.
1150 4098 1325 4149 reuinenntur.
1351 4097 1400 4147 uio
1413 4099 1431 4147 l.
1446 4114 1488 4148 e.:

412 4177 535 4227 stt-20.
560 4192 612 4240 per
630 4192 707 4227 omne
725 4180 847 4238 tempus.-
870 4172 902 4221 ab
945 4164 1134 4236 ὁΛῦγουστος
1144 4168 1256 4232 πρῶτον
1270 4164 1323 4235 μὲν
1338 4162 1386 4218 τὸν
1398 4166 1490 4234 Δροῦ-

357 4244 448 4294 ultima
461 4245 617 4310 antiquitate
632 4259 712 4310 usque
726 4243 757 4292 ud
772 4243 818 4291 bos
831 4239 903 4302 dies;
947 4252 998 4291 σον
1008 4234 1052 4290 ἐπ’
1062 4230 1162 4314 adonim
1175 4234 1303 4316 inopsque·
1316 4236 1364 4318 epol
1376 4227 1406 4293 ὃς
1418 4228 1490 4304 πρὸς

357 4314 468 4379 pendent
481 4315 545 4365 bueo
559 4329 572 4363 u
587 4314 666 4364 uerbo
679 4314 809 4364 obarmet.
947 4303 1012 4365 τοὺς
1032 4305 1250 4368 ἀπαντησαντας
1267 4303 1294 4353 ot
1312 4305 1405 4355 αυτῶν
1423 4303 1490 4371 περὶ

410 4383 453 4432 20.
486 4384 652 4433 Amazonio:
683 4396 733 4448 qua
758 4379 796 4430 uti
821 4377 905 4428 solent
948 4371 982 4426 τὰ
998 4373 1163 4448 Τριδέντινα
1182 4365 1230 4441 ὅρη
1249 4367 1414 4440 συμβαλών,
1441 4365 1489 4421 διὰ

357 4450 512 4514 Amazones,
521 4445 902 4517 seorrrr'geroepuelluol0uid.
947 4447 1055 4512 ταχέων
1072 4442 1103 4494 ἔτ
1121 4445 1225 4507 erpere,
1247 4434 1319 4490 ὥστε
1337 4440 1385 4490 καὶ
1407 4455 1433 4490 re
1445 4433 1490 4495 ιὰς

358 4517 463 4569 Heroid.
485 4521 501 4569 4
522 4519 598 4583 lll);
621 4519 718 4570 Plinius
735 4515 792 4567 ΝΗ.
806 4513 851 4566 Vll
870 4515 903 4563 57
948 4509 1191 4580 στρατηγικαςέπὶ
1204 4504 1292 4575 τούτῳ
1305 4509 1406 4574 λαβεῖν.
1443 4506 1489 4557 inti

357 4587 415 4653 (56)
431 4589 444 4652 ξ
456 4588 503 4638 201
516 4605 525 4637 .·
538 4590 633 4639 boetus
644 4588 775 4638 molituros
789 4583 905 4651 l'yrrbe-
947 4582 1043 4632 suntin
1064 4582 1148 4644 nulle,
1168 4595 1242 4646 quam
1253 4578 1359 4630 Atbesis
1378 4575 1489 4642 perlinit,

357 4671 421 4706 num
442 4658 582 4720 Pisaeum,
604 4655 800 4707 Penthesileam
821 4653 905 4704 Ama·
947 4652 996 4701 sub
1008 4649 1166 4700 Tridentinis
1178 4649 1302 4715 Alpibus,
1321 4661 1370 4712 qno
1391 4645 1490 4696 Drusus

428 4765 533 4810 lloratius
542 4763 577 4809 ed.
585 4765 664 4809 Nitter.
681 4763 698 4807 l.
1247 4749 1281 4799 23
