3884 5525
453 685 522 727 xrru
615 741 619 749 Ι
888 672 1155 727 Protheonem.

456 834 481 898 ll
500 836 514 895 1
535 833 673 895 70-71.
698 828 796 893 Maius
813 828 882 911 qnid
898 838 928 891 et
942 828 1049 892 melius
1064 828 1156 911 patris
1171 825 1324 909 diligentia
1341 826 1501 909 praestitit.
1534 828 1587 892 llle

455 942 535 1003 circa
558 938 716 1021 magistros
739 945 824 1013 erat,
855 934 993 1017 pudicum
1017 954 1142 1018 puerum
1165 932 1318 1010 seruauit,
1345 932 1396 996 ille
1419 934 1490 997 uiua
1512 937 1587 998 rrcti

456 1047 599 1131 prauique
614 1043 751 1127 exempla
763 1040 958 1114 monstrabat,
971 1040 1173 1102 reuerentiam
1189 1059 1261 1123 erga
1275 1039 1347 1103 deos
1361 1040 1474 1122 patrios
1488 1042 1587 1104 animo

455 1172 544 1215 cereo
560 1150 668 1214 indidit
683 1150 735 1228 (cl.
753 1148 890 1211 Prooem.
909 1146 1010 1209 Carm.
1030 1144 1124 1228 134).
1149 1144 1232 1209 Adeo
1250 1144 1414 1229 sapientiae
1430 1158 1587 1231 praecepta
1702 1195 1709 1211 ,

455 1280 473 1321 a
495 1255 676 1321 doctioribus
699 1254 850 1337 magistris
876 1252 946 1314 olim
974 1252 1114 1314 discenda
1141 1262 1254 1335 patrem
1280 1250 1340 1313 lilio
1364 1253 1585 1335 promittentem

455 1364 625 1448 accepimus
649 1362 760 1446 (Serm.
787 1360 796 1422 l
821 1363 841 1421 4
867 1362 959 1442 115)ι
989 1360 1115 1442 sopiens
1138 1360 1241 1423 crilatu
1263 1360 1396 1444 quidque
1413 1364 1521 1443 petitu
1543 1363 1588 1423 sit
1654 1436 1657 1441 Ι

456 1472 566 1535 mclc'as
581 1490 693 1532 cousus
708 1465 821 1529 reddet
835 1466 904 1528 riti.
928 1463 1058 1526 Nimium
1076 1463 1169 1546 igitur
1185 1484 1246 1525 nou
1268 1462 1346 1542 erit,
1368 1465 1395 1527 si
1419 1465 1464 1529 his
1487 1466 1586 1531 uerbis

456 1576 526 1639 lreti
543 1574 729 1657 colligamus,
742 1572 800 1634 iam
817 1582 931 1656 patrem
947 1569 1062 1632 Horatii
1078 1568 1248 1633 destinasse
1264 1580 1297 1632 ut
1311 1570 1389 1633 lilius
1404 1592 1423 1633 a
1437 1592 1585 1655 gramma-

366 1688 370 1693 '
415 1664 421 1672 ⁴
456 1683 523 1745 ticis
541 1681 623 1745 urbis
639 1680 790 1743 Romanae
810 1677 885 1741 satis
907 1676 1060 1737 institutus
1082 1684 1112 1737 et
1126 1675 1158 1737 in
1175 1675 1329 1739 Graeciam
1351 1677 1514 1741 translatus
1535 1700 1585 1742 sa·

456 1790 587 1873 pientiae
603 1787 790 1871 professores
805 1783 930 1847 Athenis
946 1782 1074 1845 audiret.
1093 1780 1150 1844 Sed
1167 1781 1307 1864 quoniam
1323 1782 1465 1847 Horatius
1480 1784 1516 1845 de
1532 1805 1585 1847 sna

457 1918 524 1959 cum
547 1904 631 1979 patre
652 1890 868 1955 consuetudine
889 1890 1022 1952 Romana
1044 1888 1116 1951 satis
1139 1887 1249 1966 multa,
1274 1890 1310 1951 de
1332 1888 1464 1953 eiusdem
1487 1890 1585 1955 Attico

458 2003 583 2085 quodam
600 1996 778 2063 commercio
793 1995 867 2059 nibil
882 1994 1035 2059 uobiscum
1053 1994 1295 2074 communicanit,
1310 1996 1434 2059 credere
1450 1996 1521 2060 licet
1535 2018 1586 2081 pa-

458 2120 534 2171 trem
550 2107 581 2170 in
595 2106 670 2169 urbe
684 2113 834 2166 mortuum
850 2121 930 2180 esse,
944 2101 1035 2165 lilium
1049 2112 1131 2166 tanto
1144 2100 1293 2185 praesidio
1306 2100 1440 2167 orbatum
1453 2101 1585 2167 Athenas

458 2215 555 2279 solum
571 2234 639 2277 sese
655 2194 829 2274 contulisse.
1156 2194 1159 2201 ’

981 2505 1058 2566 1111.

490 2657 540 2720 DE
555 2654 713 2721 HORATll
729 2656 880 2720 STVDllS
893 2654 1049 2718 ATTlClS
1066 2654 1117 2718 ΕΤ
1134 2654 1298 2717 GRAECIS
1314 2654 1550 2721 VERSICVLIS.

543 2846 619 2925 Quid
628 2847 753 2930 agitans
768 2845 867 2908 animo
882 2841 1015 2904 Athenas
1030 2841 1272 2925 philosophorum
1287 2843 1387 2906 sedem
1404 2844 1510 2906 adierit
1525 2843 1585 2906 llo-

458 2954 571 3028 ratins,
595 2954 659 3036 ipse
680 2953 835 3034 prolessus
852 2960 899 3012 est
913 2948 993 3030 (Epl.
1017 2945 1042 3007 ll
1064 2949 1084 3008 2
1107 2950 1181 3027 43)=
1208 2948 1352 3010 adiecere
1372 2949 1470 3011 donne
1486 2951 1583 3034 paulo

453 3061 529 3144 plus
551 3059 630 3119 artis
647 3056 810 3131 Athenae,
833 3055 958 3116 scilicet
978 3061 1015 3113 nt
1026 3073 1151 3137 possem
1168 3075 1263 3116 marran
1284 3054 1446 3117 dinoscere
1465 3065 1584 3120 rectam

458 3173 552 3248 atquc
567 3164 651 3224 inter
665 3162 764 3224 siluas
779 3157 937 3222 Academi
950 3178 1102 3243 quaerere
1121 3180 1240 3222 nerant.
1264 3160 1479 3241 Frequentauit
1493 3161 1585 3244 igitur

456 3262 863 3333 Academicorum‘scholas
887 3261 919 3324 in
945 3263 1005 3326 illis
1027 3264 1149 3347 spatiis,
1174 3265 1280 3348 quibus
1301 3265 1434 3331 Platonis
1457 3268 1584 3353 uestigia

457 3374 584 3458 primum
599 3373 745 3456 impressa
760 3378 849 3446 suut,
872 3369 941 3432 dein
956 3389 1149 3436 successores
1164 3371 1297 3436 auctoris
1312 3373 1360 3436 sui
1375 3374 1483 3457 placitu
1499 3375 1584 3439 uarie

456 3481 609 3544 immutata
623 3478 800 3541 docueruut.
824 3475 914 3559 Legit
927 3475 1073 3554 Platonis,
1091 3478 1221 3542 doctoris
1237 3477 1268 3541 in
1284 3479 1416 3545 moribus
1432 3479 1583 3546 bominum

456 3597 538 3649 recte
564 3582 704 3648 notandis
730 3581 984 3665 ingeniosissimi,
1006 3603 1160 3648 sermones
1188 3580 1412 3670 (διαλόγους),
1441 3588 1583 3652 adonius

456 3692 625 3775 exemplum
641 3689 705 3774 ipse
720 3689 790 3752 olim
806 3709 963 3751 sermones
978 3689 1141 3773 scripturus
1156 3701 1240 3770 erat3
1265 3692 1365 3756 hausit
1386 3714 1496 3757 suaues
1516 3694 1583 3758 illas

457 3798 575 3862 chartas
590 3795 761 3860 Socraticas
776 3793 851 3877 (ΑΡ.
866 3799 957 3876 310),
982 3797 1061 3860 nude
1078 3817 1184 3862 uerum
1200 3797 1349 3874 disceret,
1373 3819 1473 3862 mores
1489 3799 1584 3862 bomi-

456 3926 525 3967 num
546 3899 703 3982 nosceret3
728 3902 823 3965 adluit
843 3901 1092 3987 disputationibus
1113 3904 1293 3988 sapientium
1316 3906 1352 3968 de
1368 3906 1466 3970 causis
1482 3927 1582 3969 rerum

457 4010 659 4099 (φυσικοῖς),
683 4009 720 4072 de
742 4029 816 4072 nero
832 4019 862 4071 et
877 4009 951 4072 lalso
967 4007 1238 4092 (διαλεκτικοῖς),
1262 4011 1298 4074 de
1313 4009 1421 4074 finibus
1436 4011 1581 4074 bonorum

457 4127 487 4179 et
502 4116 646 4180 malorum
660 4107 837 4200 (ἠθικοῖς).
854 4114 953 4178 Vnum
965 4126 1079 4179 tautum
1091 4137 1152 4179 uon
1164 4115 1239 4181 bene
1251 4116 1476 4182 instillauerunt
1487 4117 1583 4179 bonae

455 4221 601 4286 Athenae.
635 4221 713 4286 Nam
734 4221 801 4284 dum
828 4231 880 4283 aut
899 4218 1146 4286 Academicorum
1169 4223 1326 4288 subtilibus
1349 4223 1583 4288 dubitationibus

435 4330 579 4392 ,nimium
605 4348 639 4391 se
666 4325 831 4409 constringi
857 4337 887 4389 et
908 4326 940 4388 iu
961 4338 1059 4391 artum
1080 4331 1215 4414 protrudi
1238 4331 1366 4414 patitur,
1390 4342 1443 4394 ant
1464 4329 1583 4413 Epicuri

456 4434 582 4498 aemulis
603 4444 634 4496 et
654 4432 851 4497 sectatoribus
872 4419 1040 4516 iusto'ptus
1062 4455 1096 4499 se
1117 4437 1288 4514 concredit,
1319 4438 1355 4499 de
1377 4436 1458 4499 louis
1481 4421 1583 4519 optimi

455 4541 580 4604 maximi
604 4527 723 4603 'summo
749 4538 875 4622 imperio
901 4549 931 4601 et
959 4540 1106 4625 sapientia
1130 4542 1355 4624 persuasionem
1381 4561 1398 4603 a
1425 4551 1510 4625 patre
1535 4540 1583 4625 pie

456 4646 594 4711 traditam
610 4656 773 4730 poetaeqne
788 4644 1054 4709 fructuosissimam
1071 4647 1197 4729 perdidit
1212 4669 1246 4710 ac
1261 4667 1331 4710 sero
1343 4646 1460 4711 demum
1474 4658 1505 4710 et
1517 4658 1584 4732 post
