3884 5525
939 602 1079 654 horarii

656 775 744 835 illum
760 777 792 833 et
806 772 946 847 parentis
962 770 1144 832 crediderim
1163 771 1211 830 sui

658 885 793 960 degisse
809 883 961 944 ceruicem
979 885 1010 941 ct
1025 881 1195 956 penetralia

659 995 814 1070 sparsisse
829 998 983 1054 nocturno
999 1005 1110 1053 eruore

650 1078 808 1183 hospitis3
826 1105 878 1164 ille
893 1117 1015 1164 uenena
1031 1098 1147 1164 Colcha

661 1263 693 1320 et
707 1259 850 1334 quicquid
868 1271 999 1331 usquam
1016 1255 1191 1330 concipitur
1208 1255 1295 1314 melas

455 1384 486 1433 10
525 1397 530 1405 ·
660 1369 820 1444 tractauit,
839 1382 915 1443 agro
931 1361 991 1442 qui¹
1001 1367 1112 1428 statuit
1128 1381 1196 1425 meo

523 1661 611 1711 5—6.
632 1661 702 1709 illum
720 1689 756 1697 —
774 1659 899 1708 ceruicem
917 1660 1075 1708 Priscianus
1094 1656 1178 1707 XVlll
1199 1658 1229 1706 13
1251 1658 1308 1707 106.
1415 1657 1440 1705 5.
1460 1663 1578 1721 parentes

454 1733 489 1782 A.
601 1730 626 1779 6.
647 1729 781 1794 penitralia
800 1729 833 1778 A.
945 1727 968 1776 8.
991 1741 1104 1776 ueuacoa
1124 1727 1155 1776 H.
1234 1727 1323 1776 colcha
1343 1719 1576 1785 Ag‘duodtaad.

454 1792 660 1865 antiquissimi:
679 1798 791 1847 colchica
804 1784 899 1860 augg,
919 1795 1050 1846 cholchica
1066 1795 1095 1845 G.

505 2104 614 2154 5—10.
643 2104 722 2152 illurn
744 2109 824 2153 ei-
844 2105 994 2153 tractauit:
1038 2102 1139 2168 scriptis
1161 2102 1239 2152 edidit
1263 2101 1467 2165 elegantissimus
1486 2099 1579 2149 Broulr·

454 2174 589 2238 imaginem
613 2173 722 2222 hominis
748 2172 869 2230 scelesti,
895 2172 995 2237 qualem
1038 2172 1144 2230 husius,
1159 2187 1215 2221 cum
1229 2178 1306 2220 autea
1320 2170 1432 2220 ferretur
1446 2169 1578 2220 Colchoa:

454 2251 538 2294 mente
548 2241 670 2307 percepit,
681 2241 816 2307 depingere
829 2242 921 2305 pergit.
937 2240 994 2300 tlte,
1039 2248 1112 2305 atque
1126 2241 1190 2290 idem
1205 2241 1237 2290 ad
1250 2239 1364 2305 Propert.
1381 2239 1390 2288 l
1406 2239 1416 2286 l
1435 2238 1526 2304 prohat
1539 2237 1580 2286 hic

453 2319 482 2361 ut
500 2312 605 2360 credere
625 2309 665 2359 fas
678 2317 732 2373 cst,
753 2317 779 2359 ct
798 2309 929 2374 parricida
948 2308 997 2357 tuit
1038 2309 1088 2358 loci
1106 2310 1171 2375 apud
1185 2308 1316 2358 Horatium
1332 2308 1448 2370 Colcha,
1470 2321 1502 2355 ex
1516 2305 1580 2355 Oui-

454 2388 481 2431 et
499 2379 623 2445 hospitem
641 2385 717 2428 noctu
734 2378 800 2443 apud
818 2394 845 2428 se
859 2378 995 2440 ingemuit,
1039 2378 1080 2427 dio
1101 2378 1126 2426 iu
1147 2375 1249 2428 Metam.
1270 2375 1329 2427 Vlll
1351 2376 1418 2425 394:
1443 2375 1491 2424 sed
1505 2379 1582 2440 post-

454 2457 507 2499 tum
520 2448 626 2497 uenenis
644 2448 759 2496 cuiusuis
776 2448 878 2509 generis
895 2461 996 2509 grassa·
1040 2462 1121 2510 quam
1136 2447 1244 2497 Colchis
1263 2449 1334 2496 erait
1349 2459 1421 2493 noua
1435 2449 1519 2508 nupia
1533 2460 1581 2492 ue-

454 2525 495 2567 tus
516 2524 566 2566 est.
595 2515 739 2565 Priscianus
756 2516 774 2564 l.
790 2531 813 2564 c.
834 2515 994 2564 crediderim
1039 2519 1122 2564 nereis.
1146 2514 1193 2564 Cui
1213 2515 1293 2564 addas
1312 2521 1339 2563 et
1358 2513 1506 2576 sequentia,
1527 2510 1580 2561 Me-

454 2585 630 2636 coufirmatiue
662 2585 756 2633 dictum
780 2599 837 2635 esse
862 2590 947 2632 monet
971 2590 998 2632 et
1040 2592 1100 2633 tam.
1127 2582 1185 2632 Xlll
1211 2584 1260 2632 24ι
1298 2583 1433 2646 litoraque
1463 2583 1584 2630 intrauit

454 2656 639 2718 interpretatur
651 2649 845 2708 πεπιστευκὼς
857 2653 916 2714 εἴην
928 2642 972 2702 ἄν.
1039 2652 1178 2718 Pagasaea
1189 2652 1286 2702 Colcha
1297 2655 1400 2700 cariae.
1415 2649 1519 2699 Heroid.
1528 2647 1561 2698 Vl
1573 2667 1578 2698 :

508 2723 534 2773 d.
545 2723 670 2789 fregisse
682 2725 829 2771 ceruicem:
843 2729 883 2771 est
895 2721 996 2769 inmane
1039 2723 1107 2771 heac
1121 2726 1225 2783 tamea,
1249 2736 1264 2770 ο
1280 2721 1399 2781 demens,
1424 2719 1580 2783 Colchisque

454 2792 586 2860 parricidii
616 2806 696 2853 genus
728 2790 847 2854 frangere
870 2790 996 2840 ceruicem
1041 2791 1272 2850 ahlnicueoenis5
1301 2797 1327 2839 et
1345 2787 1418 2838 XVl:
1443 2788 1516 2837 laesa
1535 2804 1582 2835 nec

455 2859 782 2925 (dusGeniclehrechen),·
801 2859 826 2907 id
845 2857 998 2907 manulacit
1040 2864 1082 2907 est
1107 2859 1206 2909 Colcha
1234 2858 1360 2907 Thessala
1388 2862 1463 2907 terre
1487 2872 1601 2905 manu.-

454 2929 599 2997 parricida,
636 2927 753 2977 carnifex
784 2928 884 2992 laqueo.
920 2922 996 2975 ‘nouo
1039 2926 1126 2975 Amor.
1142 2926 1289 2989 lll3zquo
1303 2927 1368 2975 duce
1382 2927 1456 2975 irnhs
1468 2924 1580 2973 Colchas

455 2998 533 3049 uerbo
569 3005 706 3046 execratus
741 3002 780 3045 est
817 2988 995 3059 parricidam’.
1039 2998 1359 3058 sncrneucurritaquos.
1380 2992 1579 3043 restitisis:
1637 2996 1640 3002 '
1741 2990 1742 3051 l

454 3067 552 3116 Acaou.
579 3063 745 3128 Clupeas
763 3064 851 3112 1-2.
877 3061 997 3111 Sallustii
1036 3066 1165 3127 peruenit
1183 3062 1341 3113 inColchns
1361 3061 1581 3111 aureolunadn-

412 3133 415 3137 ’
457 3133 591 3183 Catilhh.
1040 3130 1585 3195 mos.SidoniusCarm.XXlll2742qui

507 3200 584 3248 6-8.
595 3199 749 3262 penetralia
760 3226 792 3234 -
807 3200 937 3261 hospitis:
952 3198 997 3246 ho·
1039 3202 1127 3248 iactos
1140 3214 1222 3262 super
1234 3214 1304 3249 arara
1319 3200 1416 3249 Colcha
1430 3200 1522 3248 denies
1535 3214 1582 3247 cac·

455 3268 545 3333 spitem
559 3267 584 3315 iu
597 3266 681 3315 media
694 3267 766 3315 domo
775 3266 905 3316 iacentem
916 3267 998 3316 noctis
1036 3271 1128 3333 pauit.
1148 3266 1274 3318 Martialis
1294 3266 1342 3317 ΧΗ
1361 3268 1408 3317 57:
1430 3283 1489 3315 cum
1508 3272 1581 3316 secia

455 3334 718 3399 temporeiugulauit.
1042 3336 1141 3386 Colcho
1168 3337 1232 3385 lanan
1254 3337 1370 3401 uapulni
1390 3336 1515 3394 rhomhc,
1538 3335 1580 3384 ubi

507 3403 530 3451 8.
546 3418 648 3451 cienena
660 3403 773 3453 Colcha:
784 3398 831 3451 ‘ita
845 3402 996 3466 (Colchica)
1039 3420 1171 3469 perperam
1182 3403 1238 3454 Nic.
1248 3404 1367 3455 Heinsius
1380 3406 1411 3454 ad
1421 3404 1496 3453 Ouid.
1509 3402 1579 3454 Fast.

455 3471 590 3533 editiones,
606 3471 703 3535 opinor,
715 3486 800 3520 omues
810 3472 928 3520 etmaior
937 3486 997 3535 pars
1041 3472 1060 3521 ll
1075 3474 1124 3522 575
1144 3474 1271 3537 corrigere
1290 3474 1361 3523 iuhet
1373 3474 1443 3523 lolco
1457 3474 1579 3523 rhombo.

454 3540 672 3601 membranarum,
704 3546 730 3588 et
759 3540 795 3589 sic
818 3547 905 3588 noster
934 3540 997 3589 alibi
1041 3540 1117 3591 Dolet
1135 3542 1257 3607 insignem
1278 3543 1359 3591 uirum
1379 3557 1426 3590 non
1441 3542 1581 3591 attendisse

455 3608 536 3675 Epod.
559 3610 589 3657 5:
604 3608 731 3673 flammis
748 3609 831 3657 aduri
850 3608 995 3668 Colchicis,·
1029 3610 1072 3659 'ad
1097 3612 1249 3675 analogiam.
1282 3610 1399 3673 Regionis
1428 3624 1517 3658 nomen
1542 3616 1602 3659 est·

455 3686 482 3728 ct
496 3678 542 3727 ll:
561 3678 634 3725 uoles
647 3679 754 3742 uenenis
767 3678 874 3740 officina
889 3678 998 3728 Colchi·
1043 3680 1151 3742 Colchi,·
1171 3680 1228 3729 inde
1243 3679 1395 3727 adiectiuum
1411 3677 1504 3737 gentile
1520 3675 1582 3725 Col-

456 3750 503 3796 cis.
532 3744 583 3795 Sed
604 3745 748 3811 quld‘opus
770 3752 824 3809 est,
846 3753 875 3795 ut
896 3746 998 3813 syllaba
1041 3748 1122 3811 chris,
1144 3748 1353 3811 etposscssiuum
1369 3744 1523 3794 Colchicae:
1543 3744 1581 3793 sic

455 3815 546 3864 ultima
564 3814 595 3864 ad
614 3822 759 3878 sequentem
779 3830 881 3864 uersum
895 3815 997 3864 reiicia·
1040 3816 1071 3865 ab
1084 3816 1169 3865 Idalia
1181 3816 1275 3878 gentile
1288 3814 1387 3873 Italus,
1408 3812 1581 3875 possessiuum

454 3886 513 3933 turl
531 3898 587 3932 eum
600 3883 665 3947 pari,
678 3883 700 3931 si
714 3899 762 3931 non
775 3884 881 3945 maiore,
893 3885 997 3947 elegam·
1039 3884 1151 3933 Italicus
1159 3902 1168 3945 ,·
1186 3890 1213 3932 et
1225 3882 1261 3930 sic
1274 3881 1324 3929 alia
1338 3886 1468 3929 sexcenta.
1490 3880 1541 3929 lam
1555 3882 1580 3931 id

454 3952 492 4001 tia
513 3951 597 3999 dicere
616 3952 699 4015 potuit
716 3968 819 4001 uenena
838 3953 951 4003 Colcho:
971 3958 997 4001 et
1039 3952 1121 4017 poetis
1135 3950 1277 4012 familiare,
1298 3956 1326 3997 ut
1345 3948 1452 4011 gentilia
1465 3964 1510 4013 pro
1524 3966 1581 4015 pos-

456 4020 493 4069 sic
506 4028 576 4067 certe
588 4020 755 4069 uetustissimi
775 4020 876 4069 codices
890 4019 997 4084 Cruquii
1039 4019 1144 4069 sessiuis
1157 4024 1288 4081 usurpent,
1303 4019 1374 4079 siue,
1395 4024 1423 4066 ut
1437 4016 1530 4067 Graeci
1544 4019 1581 4068 di-

455 4095 482 4137 et
495 4088 619 4148 aliorum,
639 4095 668 4137 ut
680 4094 706 4137 et
720 4104 753 4137 ex
766 4089 860 4139 uostris
873 4087 997 4137 Graeuia-
1039 4095 1108 4149 cunt,
1122 4080 1220 4136 ἒθνικὰ
1234 4079 1297 4135 ἀντὶ
1310 4088 1365 4137 τῶν
1378 4088 1528 4151 separatim
1544 4088 1581 4137 ita

456 4172 503 4205 nus
524 4162 550 4204 et
568 4154 660 4217 Galei3
686 4156 835 4221 Reginensis
856 4172 917 4205 uero
937 4156 996 4204 Col·
1038 4156 1110 4205 Itala
1123 4170 1192 4203 arua
1211 4169 1256 4219 pro
1268 4154 1387 4218 Italicis,
1409 4170 1507 4204 uenena
1522 4156 1581 4206 Col-

421 4241 423 4245 ·
455 4226 530 4286 chia,
556 4230 585 4273 ut
608 4231 634 4273 et
659 4241 722 4274 unus
739 4225 905 4283 Bersmanni;
930 4224 996 4272 unde
1039 4225 1090 4271 cha
1110 4238 1154 4288 pro
1170 4223 1309 4273 Colchicis.
1334 4224 1412 4289 Atqui
1430 4224 1517 4273 laicus
1537 4241 1580 4273 no-

455 4308 528 4342 error
540 4292 642 4341 uidetur
654 4293 759 4357 primum
773 4306 913 4341 emanasse.
935 4290 997 4340 Col·
1038 4306 1094 4340 men
1109 4290 1179 4339 urhis
1191 4294 1363 4343 tautummodo
1378 4300 1426 4355 est,
1441 4308 1489 4343 non
1503 4295 1579 4343 etiam

455 4362 506 4411 cha
525 4375 625 4410 uenena
643 4377 688 4426 pro
703 4362 845 4422 Colchica,
863 4367 892 4408 ut
907 4358 998 4407 Marsi
1040 4359 1192 4408 adiectiuum
1202 4359 1308 4423 gentile:
1322 4363 1480 4427 uequeleleo
1491 4364 1580 4411 rhom-

455 4430 552 4491 duelli,
572 4430 642 4479 ltnlo
661 4430 749 4491 caelo,
768 4429 874 4478 Mauris
886 4427 993 4489 iaculis,
1040 4430 1071 4477 ho
1091 4428 1175 4477 dicere
1195 4430 1293 4493 possis,
1315 4432 1359 4481 scd
1372 4432 1468 4481 lolcio:
1489 4430 1579 4496 quippe
1619 4426 1622 4435 ’

455 4498 486 4547 de
516 4513 564 4563 quo
593 4498 653 4546 uide
678 4512 723 4545 uos
747 4497 778 4544 ad
803 4495 888 4544 Carm.
916 4493 926 4544 l
952 4495 995 4545 22.
1040 4490 1371 4563 rddacaxivesrlohins,
1396 4506 1422 4549 et
1441 4493 1471 4549 τὸ
1487 4516 1580 4562 κτητι-

454 4565 602 4630 Propertius
614 4564 648 4614 lll
661 4565 694 4613 2:
713 4568 854 4627 inpactae
868 4563 995 4613 Colchum
1039 4560 1088 4615 κόν
1100 4560 1248 4616 Iolciacue'.
1269 4568 1422 4619 Bsurumvs.
1448 4566 1522 4617 conr.
1537 4582 1581 4617 uo-

451 4634 590 4697 propellne
603 4636 703 4697 remige
711 4632 822 4693 Phasin,
829 4632 867 4682 uti
878 4647 910 4682 ex
922 4632 996 4683 libris
1040 4634 1138 4685 strand
1152 4634 1162 4685 l
1177 4636 1188 4685 1
1205 4634 1247 4685 28.
