<?xml version="1.0" encoding="UTF-8"?>
<!DOCTYPE html PUBLIC "-//W3C//DTD XHTML 1.0 Transitional//EN"
    "http://www.w3.org/TR/xhtml1/DTD/xhtml1-transitional.dtd">
<html xmlns="http://www.w3.org/1999/xhtml" xml:lang="en" lang="en">
 <head>
  <title>
</title>
<meta http-equiv="Content-Type" content="text/html;charset=utf-8" />
  <meta name='ocr-system' content='tesseract 3.04.00' />
  <meta name='ocr-capabilities' content='ocr_page ocr_carea ocr_par ocr_line ocrx_word'/>
</head>
<body>
  <div class='ocr_page' id='page_1' title='image "./horatiicarminae00rittgoog/horatiicarminae00rittgoog_0090.png"; bbox 0 0 3884 5525; ppageno 0'>
   <div class='ocr_carea' id='block_1_1' title="bbox 473 595 1108 660">
    <p class='ocr_par' dir='ltr' id='par_1_1' title="bbox 473 595 1108 660">
     <span class='ocr_line' id='line_1_1' title="bbox 473 595 1108 660; baseline -0.019 0"><span class='ocrx_word' id='word_1_1' title='bbox 473 599 515 660; x_wconf 84' lang='grc'><strong>40</strong></span> <span class='ocrx_word' id='word_1_2' title='bbox 969 595 1108 650; x_wconf 72' lang='lat' dir='ltr'><strong>nourrii</strong></span> 
     </span>
    </p>
   </div>
   <div class='ocr_carea' id='block_1_2' title="bbox 323 736 1471 954">
    <p class='ocr_par' dir='ltr' id='par_1_2' title="bbox 323 736 1471 954">
     <span class='ocr_line' id='line_1_2' title="bbox 323 736 1471 841; baseline -0.004 -10"><span class='ocrx_word' id='word_1_3' title='bbox 323 785 333 807; x_wconf 73' lang='lat'><em>⁴</em></span> <span class='ocrx_word' id='word_1_4' title='bbox 428 752 431 756; x_wconf 69' lang='grc'>’</span> <span class='ocrx_word' id='word_1_5' title='bbox 476 736 508 830; x_wconf 78' lang='lat' dir='ltr'><strong>re</strong></span> <span class='ocrx_word' id='word_1_6' title='bbox 624 765 967 841; x_wconf 55' lang='lat' dir='ltr'><strong>nrueruneutrtlta</strong></span> <span class='ocrx_word' id='word_1_7' title='bbox 1468 829 1471 834; x_wconf 70' lang='grc'>,</span> 
     </span>
     <span class='ocr_line' id='line_1_3' title="bbox 622 873 1464 954; baseline 0.001 -15"><span class='ocrx_word' id='word_1_8' title='bbox 622 877 730 939; x_wconf 87' lang='lat' dir='ltr'><strong>cultus</strong></span> <span class='ocrx_word' id='word_1_9' title='bbox 744 876 776 938; x_wconf 90' lang='lat' dir='ltr'><strong>tu</strong></span> <span class='ocrx_word' id='word_1_10' title='bbox 792 877 918 938; x_wconf 89' lang='lat' dir='ltr'><strong>eaedem</strong></span> <span class='ocrx_word' id='word_1_11' title='bbox 933 873 1094 952; x_wconf 76' lang='lat' dir='ltr'><strong>eutycius</strong></span> <span class='ocrx_word' id='word_1_12' title='bbox 1110 878 1283 954; x_wconf 73' lang='lat' dir='ltr'><strong>proriperet</strong></span> <span class='ocrx_word' id='word_1_13' title='bbox 1297 881 1464 942; x_wconf 77' lang='lat' dir='ltr'><strong>cateruas?</strong></span> 
     </span>
    </p>
   </div>
   <div class='ocr_carea' id='block_1_3' title="bbox 984 1067 1088 1128">
    <p class='ocr_par' dir='ltr' id='par_1_3' title="bbox 984 1067 1088 1128">
     <span class='ocr_line' id='line_1_4' title="bbox 984 1067 1088 1128; baseline 0 0"><span class='ocrx_word' id='word_1_14' title='bbox 984 1067 1088 1128; x_wconf 84' lang='lat' dir='ltr'><strong>vnn.</strong></span> 
     </span>
    </p>
   </div>
   <div class='ocr_carea' id='block_1_4' title="bbox 684 1216 1312 1302">
    <p class='ocr_par' dir='ltr' id='par_1_4' title="bbox 684 1216 1312 1302">
     <span class='ocr_line' id='line_1_5' title="bbox 684 1216 1312 1302; baseline -0.003 -19"><span class='ocrx_word' id='word_1_15' title='bbox 684 1216 781 1283; x_wconf 87' lang='lat' dir='ltr'><strong>Vldes</strong></span> <span class='ocrx_word' id='word_1_16' title='bbox 797 1223 832 1281; x_wconf 87' lang='lat' dir='ltr'><strong>ut</strong></span> <span class='ocrx_word' id='word_1_17' title='bbox 847 1218 910 1279; x_wconf 83' lang='lat' dir='ltr'><strong>altu</strong></span> <span class='ocrx_word' id='word_1_18' title='bbox 926 1220 990 1278; x_wconf 91' lang='lat' dir='ltr'><strong>stet</strong></span> <span class='ocrx_word' id='word_1_19' title='bbox 1004 1218 1077 1278; x_wconf 88' lang='lat' dir='ltr'><strong>uiue</strong></span> <span class='ocrx_word' id='word_1_20' title='bbox 1093 1219 1256 1302; x_wconf 80' lang='lat' dir='ltr'><strong>candidum</strong></span> <span class='ocrx_word' id='word_1_21' title='bbox 1310 1257 1312 1264; x_wconf 70' lang='lat'><strong>,</strong></span> 
     </span>
    </p>
   </div>
   <div class='ocr_carea' id='block_1_5' title="bbox 544 1355 1341 1441">
    <p class='ocr_par' dir='ltr' id='par_1_5' title="bbox 544 1355 1341 1441">
     <span class='ocr_line' id='line_1_6' title="bbox 544 1355 1341 1441; baseline 0 -15"><span class='ocrx_word' id='word_1_22' title='bbox 544 1377 586 1428; x_wconf 86' lang='grc'><strong>16.</strong></span> <span class='ocrx_word' id='word_1_23' title='bbox 606 1355 693 1426; x_wconf 82' lang='lat' dir='ltr'><strong>cedem</strong></span> <span class='ocrx_word' id='word_1_24' title='bbox 706 1373 788 1426; x_wconf 85' lang='lat' dir='ltr'><em>BGH.</em></span> <span class='ocrx_word' id='word_1_25' title='bbox 858 1372 1002 1423; x_wconf 82' lang='lat' dir='ltr'><strong>liciaeiili.</strong></span> <span class='ocrx_word' id='word_1_26' title='bbox 1074 1381 1251 1440; x_wconf 88' lang='lat' dir='ltr'><strong>prorumperet</strong></span> <span class='ocrx_word' id='word_1_27' title='bbox 1259 1390 1297 1441; x_wconf 85' lang='lat' dir='ltr'><strong>pr</strong></span> <span class='ocrx_word' id='word_1_28' title='bbox 1307 1375 1341 1426; x_wconf 79' lang='lat'><strong>11.</strong></span> 
     </span>
    </p>
   </div>
   <div class='ocr_carea' id='block_1_6' title="bbox 472 1484 1600 1827">
    <p class='ocr_par' dir='ltr' id='par_1_6' title="bbox 473 1484 1600 1620">
     <span class='ocr_line' id='line_1_7' title="bbox 541 1484 1600 1553; baseline 0.003 -16"><span class='ocrx_word' id='word_1_29' title='bbox 541 1486 694 1538; x_wconf 87' lang='lat' dir='ltr'><strong>Paranclice</strong></span> <span class='ocrx_word' id='word_1_30' title='bbox 712 1484 851 1536; x_wconf 67' lang='lat' dir='ltr'><strong>tetracolon</strong></span> <span class='ocrx_word' id='word_1_31' title='bbox 874 1485 905 1534; x_wconf 88' lang='lat' dir='ltr'><strong>ad</strong></span> <span class='ocrx_word' id='word_1_32' title='bbox 923 1484 1057 1535; x_wconf 87' lang='lat' dir='ltr'><strong>taliarcurn</strong></span> <span class='ocrx_word' id='word_1_33' title='bbox 1076 1501 1180 1551; x_wconf 84' lang='lat' dir='ltr'><strong>puerum</strong></span> <span class='ocrx_word' id='word_1_34' title='bbox 1202 1486 1341 1553; x_wconf 85' lang='lat' dir='ltr'><strong>speciosum</strong></span> <span class='ocrx_word' id='word_1_35' title='bbox 1368 1487 1423 1537; x_wconf 75' lang='lat' dir='ltr'><strong>ii.¹</strong></span> <span class='ocrx_word' id='word_1_36' title='bbox 1507 1487 1600 1540; x_wconf 82' lang='lat' dir='ltr'><strong>Paron.</strong></span> 
     </span>
     <span class='ocr_line' id='line_1_8' title="bbox 473 1553 1083 1620; baseline -0.008 -11"><span class='ocrx_word' id='word_1_37' title='bbox 473 1564 533 1608; x_wconf 89' lang='lat' dir='ltr'><strong>tetr.</strong></span> <span class='ocrx_word' id='word_1_38' title='bbox 552 1557 589 1606; x_wconf 80' lang='lat' dir='ltr'><strong>Ae</strong></span> <span class='ocrx_word' id='word_1_39' title='bbox 603 1554 786 1605; x_wconf 84' lang='lat' dir='ltr'><strong>Thaliarchum</strong></span> <span class='ocrx_word' id='word_1_40' title='bbox 800 1553 919 1604; x_wconf 84' lang='lat' dir='ltr'><strong>libertum</strong></span> <span class='ocrx_word' id='word_1_41' title='bbox 932 1569 1037 1620; x_wconf 88' lang='lat' dir='ltr'><strong>puerum</strong></span> <span class='ocrx_word' id='word_1_42' title='bbox 1051 1555 1083 1604; x_wconf 88' lang='lat' dir='ltr'><strong>H.</strong></span> 
     </span>
    </p>

    <p class='ocr_par' dir='ltr' id='par_1_7' title="bbox 472 1621 1599 1827">
     <span class='ocr_line' id='line_1_9' title="bbox 543 1621 1485 1683; baseline -0.001 -8"><span class='ocrx_word' id='word_1_43' title='bbox 543 1625 619 1675; x_wconf 82' lang='lat'><strong>1-4.</strong></span> <span class='ocrx_word' id='word_1_44' title='bbox 639 1624 710 1675; x_wconf 87' lang='lat' dir='ltr'><strong>Mar.</strong></span> <span class='ocrx_word' id='word_1_45' title='bbox 732 1624 888 1676; x_wconf 78' lang='lat' dir='ltr'><strong>Victorinus</strong></span> <span class='ocrx_word' id='word_1_46' title='bbox 905 1621 951 1672; x_wconf 95' lang='lat' dir='ltr'><strong>llll</strong></span> <span class='ocrx_word' id='word_1_47' title='bbox 965 1623 980 1672; x_wconf 91' lang='grc'>3</span> <span class='ocrx_word' id='word_1_48' title='bbox 992 1622 1040 1683; x_wconf 84' lang='grc'><strong>38,</strong></span> <span class='ocrx_word' id='word_1_49' title='bbox 1059 1623 1393 1674; x_wconf 80' lang='lat' dir='ltr'><strong>AtilinaFartuuatianur</strong></span> <span class='ocrx_word' id='word_1_50' title='bbox 1411 1624 1485 1674; x_wconf 79' lang='lat'><strong>197.</strong></span> 
     </span>
     <span class='ocr_line' id='line_1_10' title="bbox 473 1691 1599 1759; baseline 0 -14"><span class='ocrx_word' id='word_1_51' title='bbox 473 1696 497 1745; x_wconf 88' lang='lat'><strong>1.</strong></span> <span class='ocrx_word' id='word_1_52' title='bbox 512 1695 589 1744; x_wconf 83' lang='grc'><strong>3-4.</strong></span> <span class='ocrx_word' id='word_1_53' title='bbox 609 1693 754 1745; x_wconf 79' lang='lat' dir='ltr'><strong>Diomedes</strong></span> <span class='ocrx_word' id='word_1_54' title='bbox 766 1691 802 1742; x_wconf 90' lang='lat' dir='ltr'><strong>lli</strong></span> <span class='ocrx_word' id='word_1_55' title='bbox 815 1692 848 1742; x_wconf 75' lang='lat'><strong>35</strong></span> <span class='ocrx_word' id='word_1_56' title='bbox 859 1692 894 1742; x_wconf 83' lang='lat'><strong>9.-</strong></span> <span class='ocrx_word' id='word_1_57' title='bbox 981 1691 1056 1741; x_wconf 85' lang='lat'>1-2.</span> <span class='ocrx_word' id='word_1_58' title='bbox 1072 1692 1143 1742; x_wconf 87' lang='lat' dir='ltr'><strong>uides</strong></span> <span class='ocrx_word' id='word_1_59' title='bbox 1157 1719 1188 1730; x_wconf 97' lang='lat'>-</span> <span class='ocrx_word' id='word_1_60' title='bbox 1202 1691 1308 1742; x_wconf 88' lang='lat' dir='ltr'><strong>Soracte</strong></span> <span class='ocrx_word' id='word_1_61' title='bbox 1322 1692 1435 1743; x_wconf 78' lang='lat' dir='ltr'><strong>Seruius</strong></span> <span class='ocrx_word' id='word_1_62' title='bbox 1448 1694 1485 1744; x_wconf 86' lang='lat' dir='ltr'><strong>ad</strong></span> <span class='ocrx_word' id='word_1_63' title='bbox 1497 1695 1599 1759; x_wconf 82' lang='lat' dir='ltr'><strong>Vergil.</strong></span> 
     </span>
     <span class='ocr_line' id='line_1_11' title="bbox 472 1759 1572 1827; baseline 0.001 -13"><span class='ocrx_word' id='word_1_64' title='bbox 472 1766 540 1815; x_wconf 82' lang='lat' dir='ltr'><strong>Aen.</strong></span> <span class='ocrx_word' id='word_1_65' title='bbox 554 1762 599 1814; x_wconf 93' lang='lat' dir='ltr'><strong>Vll</strong></span> <span class='ocrx_word' id='word_1_66' title='bbox 613 1763 674 1827; x_wconf 82' lang='lat'><strong>696,</strong></span> <span class='ocrx_word' id='word_1_67' title='bbox 687 1763 843 1812; x_wconf 74' lang='lat' dir='ltr'><strong>Priscianus</strong></span> <span class='ocrx_word' id='word_1_68' title='bbox 854 1759 916 1811; x_wconf 81' lang='lat' dir='ltr'><strong>vlu</strong></span> <span class='ocrx_word' id='word_1_69' title='bbox 932 1759 974 1812; x_wconf 86' lang='lat'><strong>11.</strong></span> <span class='ocrx_word' id='word_1_70' title='bbox 1048 1761 1071 1810; x_wconf 91' lang='lat' dir='ltr'><strong>l.</strong></span> <span class='ocrx_word' id='word_1_71' title='bbox 1086 1761 1208 1812; x_wconf 90' lang='lat' dir='ltr'><strong>candidus</strong></span> <span class='ocrx_word' id='word_1_72' title='bbox 1223 1761 1334 1812; x_wconf 78' lang='lat' dir='ltr'><strong>Mollior</strong></span> <span class='ocrx_word' id='word_1_73' title='bbox 1350 1761 1505 1814; x_wconf 75' lang='lat' dir='ltr'><strong>Theodorus</strong></span> <span class='ocrx_word' id='word_1_74' title='bbox 1518 1764 1534 1812; x_wconf 87' lang='grc'>4</span> <span class='ocrx_word' id='word_1_75' title='bbox 1547 1765 1572 1815; x_wconf 91' lang='grc'><strong>9.</strong></span> 
     </span>
    </p>
   </div>
   <div class='ocr_carea' id='block_1_7' title="bbox 469 1897 1605 2583">
    <p class='ocr_par' dir='ltr' id='par_1_8' title="bbox 470 1897 1601 2033">
     <span class='ocr_line' id='line_1_12' title="bbox 470 1897 1601 1970; baseline -0.001 -20"><span class='ocrx_word' id='word_1_76' title='bbox 470 1900 621 1968; x_wconf 81' lang='lat' dir='ltr'><strong>perentibus</strong></span> <span class='ocrx_word' id='word_1_77' title='bbox 640 1897 945 1970; x_wconf 72' lang='lat' dir='ltr'><strong>etcopnatiseaesorum</strong></span> <span class='ocrx_word' id='word_1_78' title='bbox 958 1897 1015 1964; x_wconf 88' lang='lat' dir='ltr'><strong>plu·</strong></span> <span class='ocrx_word' id='word_1_79' title='bbox 1057 1897 1132 1964; x_wconf 89' lang='lat' dir='ltr'><strong>cipue</strong></span> <span class='ocrx_word' id='word_1_80' title='bbox 1153 1899 1265 1966; x_wconf 75' lang='lat' dir='ltr'><strong>pertinet</strong></span> <span class='ocrx_word' id='word_1_81' title='bbox 1282 1901 1307 1949; x_wconf 89' lang='lat' dir='ltr'><strong>in</strong></span> <span class='ocrx_word' id='word_1_82' title='bbox 1330 1915 1407 1949; x_wconf 88' lang='lat' dir='ltr'><strong>uersa</strong></span> <span class='ocrx_word' id='word_1_83' title='bbox 1431 1898 1464 1948; x_wconf 89' lang='grc'><strong>20</strong></span> <span class='ocrx_word' id='word_1_84' title='bbox 1491 1899 1601 1964; x_wconf 85' lang='lat' dir='ltr'><strong>positam</strong></span> 
     </span>
     <span class='ocr_line' id='line_1_13' title="bbox 471 1967 1601 2033; baseline -0.001 -14"><span class='ocrx_word' id='word_1_85' title='bbox 471 1971 551 2020; x_wconf 85' lang='lat' dir='ltr'><strong>rimas</strong></span> <span class='ocrx_word' id='word_1_86' title='bbox 565 1968 684 2018; x_wconf 88' lang='lat' dir='ltr'><strong>lacrimae</strong></span> <span class='ocrx_word' id='word_1_87' title='bbox 696 1967 802 2017; x_wconf 82' lang='lat' dir='ltr'><strong>exciuit.</strong></span> <span class='ocrx_word' id='word_1_88' title='bbox 1056 1967 1180 2032; x_wconf 77' lang='lat' dir='ltr'><strong>lenesque</strong></span> <span class='ocrx_word' id='word_1_89' title='bbox 1191 1995 1227 2006; x_wconf 92' lang='lat'>—</span> <span class='ocrx_word' id='word_1_90' title='bbox 1238 1971 1349 2018; x_wconf 77' lang='lat' dir='ltr'><strong>susurri</strong></span> <span class='ocrx_word' id='word_1_91' title='bbox 1361 1971 1509 2032; x_wconf 80' lang='lat' dir='ltr'><strong>composita</strong></span> <span class='ocrx_word' id='word_1_92' title='bbox 1526 1984 1601 2033; x_wconf 85' lang='lat' dir='ltr'><strong>repe-</strong></span> 
     </span>
    </p>

    <p class='ocr_par' dir='ltr' id='par_1_9' title="bbox 469 2035 1605 2446">
     <span class='ocr_line' id='line_1_14' title="bbox 524 2035 1601 2103; baseline -0.001 -16"><span class='ocrx_word' id='word_1_93' title='bbox 524 2039 646 2087; x_wconf 78' lang='lat'><strong>15-16.</strong></span> <span class='ocrx_word' id='word_1_94' title='bbox 665 2052 699 2085; x_wconf 91' lang='lat' dir='ltr'><strong>ne</strong></span> <span class='ocrx_word' id='word_1_95' title='bbox 716 2035 808 2084; x_wconf 76' lang='lat' dir='ltr'><strong>uirilis</strong></span> <span class='ocrx_word' id='word_1_96' title='bbox 819 2061 854 2071; x_wconf 92' lang='lat'>—</span> <span class='ocrx_word' id='word_1_97' title='bbox 870 2039 1013 2084; x_wconf 80' lang='lat' dir='ltr'><strong>cateruas:</strong></span> <span class='ocrx_word' id='word_1_98' title='bbox 1058 2038 1243 2100; x_wconf 79' lang='lat' dir='ltr'><strong>tentorioru,</strong></span> <span class='ocrx_word' id='word_1_99' title='bbox 1255 2035 1518 2103; x_wconf 86' lang='lat' dir='ltr'><strong>quoTlraliarclrpsud</strong></span> <span class='ocrx_word' id='word_1_100' title='bbox 1529 2037 1601 2086; x_wconf 85' lang='lat' dir='ltr'><strong>lusus</strong></span> 
     </span>
     <span class='ocr_line' id='line_1_15' title="bbox 472 2103 1599 2170; baseline -0.004 -12"><span class='ocrx_word' id='word_1_101' title='bbox 472 2107 545 2158; x_wconf 82' lang='lat' dir='ltr'><strong>ierex</strong></span> <span class='ocrx_word' id='word_1_102' title='bbox 564 2104 672 2156; x_wconf 76' lang='lat' dir='ltr'><strong>uetitus</strong></span> <span class='ocrx_word' id='word_1_103' title='bbox 696 2110 787 2153; x_wconf 90' lang='lat' dir='ltr'><strong>natura</strong></span> <span class='ocrx_word' id='word_1_104' title='bbox 811 2103 921 2170; x_wconf 73' lang='lat' dir='ltr'><strong>puellari</strong></span> <span class='ocrx_word' id='word_1_105' title='bbox 942 2104 1014 2154; x_wconf 93' lang='lat' dir='ltr'><strong>cultu</strong></span> <span class='ocrx_word' id='word_1_106' title='bbox 1057 2105 1370 2156; x_wconf 76' lang='lat' dir='ltr'><strong>amatoriosascomissns</strong></span> <span class='ocrx_word' id='word_1_107' title='bbox 1379 2105 1462 2154; x_wconf 74' lang='lat' dir='ltr'><strong>redire</strong></span> <span class='ocrx_word' id='word_1_108' title='bbox 1473 2113 1599 2155; x_wconf 82' lang='lat' dir='ltr'><strong>monetur.</strong></span> 
     </span>
     <span class='ocr_line' id='line_1_16' title="bbox 470 2171 1602 2240; baseline -0.001 -15"><span class='ocrx_word' id='word_1_109' title='bbox 470 2175 653 2227; x_wconf 87' lang='lat' dir='ltr'><strong>coercebatur:</strong></span> <span class='ocrx_word' id='word_1_110' title='bbox 692 2172 761 2223; x_wconf 87' lang='lat' dir='ltr'><strong>uirili</strong></span> <span class='ocrx_word' id='word_1_111' title='bbox 797 2179 870 2222; x_wconf 89' lang='lat' dir='ltr'><strong>neate</strong></span> <span class='ocrx_word' id='word_1_112' title='bbox 905 2173 1014 2222; x_wconf 87' lang='lat' dir='ltr'><strong>amictus</strong></span> <span class='ocrx_word' id='word_1_113' title='bbox 1056 2171 1209 2224; x_wconf 85' lang='lat' dir='ltr'><strong>Proculeius</strong></span> <span class='ocrx_word' id='word_1_114' title='bbox 1232 2189 1331 2224; x_wconf 85' lang='lat' dir='ltr'><strong>amores</strong></span> <span class='ocrx_word' id='word_1_115' title='bbox 1357 2175 1531 2224; x_wconf 76' lang='lat' dir='ltr'><strong>intermiserat</strong></span> <span class='ocrx_word' id='word_1_116' title='bbox 1554 2189 1602 2240; x_wconf 90' lang='lat' dir='ltr'><strong>per</strong></span> 
     </span>
     <span class='ocr_line' id='line_1_17' title="bbox 470 2241 1605 2311; baseline -0.004 -15"><span class='ocrx_word' id='word_1_117' title='bbox 470 2250 560 2311; x_wconf 86' lang='lat' dir='ltr'><strong>sponte</strong></span> <span class='ocrx_word' id='word_1_118' title='bbox 573 2243 598 2292; x_wconf 93' lang='lat' dir='ltr'><strong>in</strong></span> <span class='ocrx_word' id='word_1_119' title='bbox 608 2257 679 2293; x_wconf 88' lang='lat' dir='ltr'><strong>arma</strong></span> <span class='ocrx_word' id='word_1_120' title='bbox 692 2241 865 2308; x_wconf 84' lang='lat' dir='ltr'><strong>prorupissct3</strong></span> <span class='ocrx_word' id='word_1_121' title='bbox 879 2241 944 2306; x_wconf 89' lang='lat' dir='ltr'><strong>quod</strong></span> <span class='ocrx_word' id='word_1_122' title='bbox 957 2257 1013 2291; x_wconf 88' lang='lat' dir='ltr'><strong>cum</strong></span> <span class='ocrx_word' id='word_1_123' title='bbox 1055 2249 1154 2308; x_wconf 91' lang='lat' dir='ltr'><strong>tempus</strong></span> <span class='ocrx_word' id='word_1_124' title='bbox 1168 2243 1338 2307; x_wconf 85' lang='lat' dir='ltr'><strong>expeditionis</strong></span> <span class='ocrx_word' id='word_1_125' title='bbox 1352 2243 1377 2292; x_wconf 90' lang='lat' dir='ltr'><strong>in</strong></span> <span class='ocrx_word' id='word_1_126' title='bbox 1391 2243 1530 2310; x_wconf 76' lang='lat' dir='ltr'><strong>Aegyptum</strong></span> <span class='ocrx_word' id='word_1_127' title='bbox 1543 2258 1605 2292; x_wconf 86' lang='lat' dir='ltr'><strong>sus-</strong></span> 
     </span>
     <span class='ocr_line' id='line_1_18' title="bbox 469 2310 1600 2379; baseline -0.002 -16"><span class='ocrx_word' id='word_1_128' title='bbox 469 2320 589 2379; x_wconf 87' lang='lat' dir='ltr'><strong>parcntcs</strong></span> <span class='ocrx_word' id='word_1_129' title='bbox 601 2311 800 2377; x_wconf 69' lang='lat' dir='ltr'><strong>praeemineant,</strong></span> <span class='ocrx_word' id='word_1_130' title='bbox 815 2310 954 2376; x_wconf 82' lang='lat' dir='ltr'><strong>puellarum</strong></span> <span class='ocrx_word' id='word_1_131' title='bbox 969 2312 1014 2360; x_wconf 86' lang='lat' dir='ltr'><strong>lra-</strong></span> <span class='ocrx_word' id='word_1_132' title='bbox 1056 2318 1145 2377; x_wconf 89' lang='lat' dir='ltr'><strong>ceptae</strong></span> <span class='ocrx_word' id='word_1_133' title='bbox 1153 2311 1326 2377; x_wconf 73' lang='lat' dir='ltr'><strong>(tro-725),</strong></span> <span class='ocrx_word' id='word_1_134' title='bbox 1338 2311 1380 2361; x_wconf 87' lang='lat' dir='ltr'><strong>ubi</strong></span> <span class='ocrx_word' id='word_1_135' title='bbox 1389 2327 1473 2362; x_wconf 87' lang='lat' dir='ltr'><strong>comes</strong></span> <span class='ocrx_word' id='word_1_136' title='bbox 1481 2310 1600 2362; x_wconf 88' lang='lat' dir='ltr'><strong>Caesaris</strong></span> 
     </span>
     <span class='ocr_line' id='line_1_19' title="bbox 470 2379 1601 2446; baseline -0.002 -14"><span class='ocrx_word' id='word_1_137' title='bbox 470 2383 551 2432; x_wconf 76' lang='lat' dir='ltr'><strong>iritum</strong></span> <span class='ocrx_word' id='word_1_138' title='bbox 563 2388 692 2446; x_wconf 82' lang='lat' dir='ltr'><strong>tamquam</strong></span> <span class='ocrx_word' id='word_1_139' title='bbox 707 2379 805 2429; x_wconf 79' lang='lat' dir='ltr'><strong>frenum</strong></span> <span class='ocrx_word' id='word_1_140' title='bbox 814 2379 970 2430; x_wconf 88' lang='lat' dir='ltr'><strong>indiderant.</strong></span> <span class='ocrx_word' id='word_1_141' title='bbox 1057 2379 1193 2430; x_wconf 86' lang='lat' dir='ltr'><strong>Octauiani</strong></span> <span class='ocrx_word' id='word_1_142' title='bbox 1208 2395 1237 2430; x_wconf 86' lang='lat' dir='ltr'><strong>aa</strong></span> <span class='ocrx_word' id='word_1_143' title='bbox 1248 2381 1371 2445; x_wconf 72' lang='lat' dir='ltr'><strong>grauibus</strong></span> <span class='ocrx_word' id='word_1_144' title='bbox 1383 2381 1458 2430; x_wconf 87' lang='lat' dir='ltr'><strong>rebus</strong></span> <span class='ocrx_word' id='word_1_145' title='bbox 1469 2381 1601 2430; x_wconf 87' lang='lat' dir='ltr'><strong>adhibitus</strong></span> 
     </span>
    </p>

    <p class='ocr_par' dir='ltr' id='par_1_10' title="bbox 469 2447 1601 2583">
     <span class='ocr_line' id='line_1_20' title="bbox 523 2447 1601 2516; baseline -0.004 -15"><span class='ocrx_word' id='word_1_146' title='bbox 523 2452 566 2501; x_wconf 89' lang='grc'><strong>16.</strong></span> <span class='ocrx_word' id='word_1_147' title='bbox 583 2454 611 2508; x_wconf 84' lang='lat' dir='ltr'><strong>in</strong></span> <span class='ocrx_word' id='word_1_148' title='bbox 624 2449 747 2499; x_wconf 87' lang='lat' dir='ltr'><strong>caedem:</strong></span> <span class='ocrx_word' id='word_1_149' title='bbox 761 2449 808 2498; x_wconf 86' lang='lat' dir='ltr'><strong>lroc</strong></span> <span class='ocrx_word' id='word_1_150' title='bbox 820 2455 860 2497; x_wconf 88' lang='lat' dir='ltr'><strong>est</strong></span> <span class='ocrx_word' id='word_1_151' title='bbox 873 2447 898 2498; x_wconf 92' lang='lat' dir='ltr'><strong>iu</strong></span> <span class='ocrx_word' id='word_1_152' title='bbox 909 2448 1013 2498; x_wconf 88' lang='lat' dir='ltr'><strong>caedem</strong></span> <span class='ocrx_word' id='word_1_153' title='bbox 1056 2456 1112 2498; x_wconf 86' lang='lat' dir='ltr'><strong>urie</strong></span> <span class='ocrx_word' id='word_1_154' title='bbox 1125 2464 1171 2498; x_wconf 89' lang='lat' dir='ltr'><strong>sun</strong></span> <span class='ocrx_word' id='word_1_155' title='bbox 1186 2449 1346 2516; x_wconf 86' lang='lat' dir='ltr'><strong>Cleopatram</strong></span> <span class='ocrx_word' id='word_1_156' title='bbox 1367 2449 1514 2514; x_wconf 76' lang='lat' dir='ltr'><strong>intercepit.</strong></span> <span class='ocrx_word' id='word_1_157' title='bbox 1534 2447 1601 2498; x_wconf 87' lang='lat' dir='ltr'><strong>Nar·</strong></span> 
     </span>
     <span class='ocr_line' id='line_1_21' title="bbox 469 2517 1600 2583; baseline -0.004 -12"><span class='ocrx_word' id='word_1_158' title='bbox 469 2519 646 2581; x_wconf 84' lang='lat' dir='ltr'><strong>Troianorum,</strong></span> <span class='ocrx_word' id='word_1_159' title='bbox 657 2517 722 2583; x_wconf 87' lang='lat' dir='ltr'><strong>quod</strong></span> <span class='ocrx_word' id='word_1_160' title='bbox 736 2532 769 2567; x_wconf 85' lang='lat' dir='ltr'><strong>ex</strong></span> <span class='ocrx_word' id='word_1_161' title='bbox 781 2517 908 2583; x_wconf 78' lang='lat' dir='ltr'><strong>priorilpus</strong></span> <span class='ocrx_word' id='word_1_162' title='bbox 918 2517 1012 2582; x_wconf 85' lang='lat' dir='ltr'><strong>(lacri-</strong></span> <span class='ocrx_word' id='word_1_163' title='bbox 1056 2517 1180 2568; x_wconf 87' lang='lat' dir='ltr'><strong>ruuitDio</strong></span> <span class='ocrx_word' id='word_1_164' title='bbox 1192 2517 1297 2568; x_wconf 86' lang='lat' dir='ltr'><strong>Cassius</strong></span> <span class='ocrx_word' id='word_1_165' title='bbox 1312 2517 1342 2567; x_wconf 89' lang='lat' dir='ltr'><strong>Ll</strong></span> <span class='ocrx_word' id='word_1_166' title='bbox 1357 2519 1399 2567; x_wconf 90' lang='lat'><strong>11.</strong></span> <span class='ocrx_word' id='word_1_167' title='bbox 1414 2517 1475 2567; x_wconf 89' lang='lat' dir='ltr'><strong>Cum</strong></span> <span class='ocrx_word' id='word_1_168' title='bbox 1487 2517 1600 2568; x_wconf 85' lang='lat' dir='ltr'><strong>Caesare</strong></span> 
     </span>
    </p>
   </div>
   <div class='ocr_carea' id='block_1_8' title="bbox 361 2585 1631 2652">
    <p class='ocr_par' dir='ltr' id='par_1_11' title="bbox 361 2585 1631 2652">
     <span class='ocr_line' id='line_1_22' title="bbox 361 2585 1631 2652; baseline -0.004 -12"><span class='ocrx_word' id='word_1_169' title='bbox 361 2601 364 2608; x_wconf 92' lang='grc'><strong><em>·</em></strong></span> <span class='ocrx_word' id='word_1_170' title='bbox 469 2605 546 2640; x_wconf 83' lang='lat' dir='ltr'><strong>mera</strong></span> <span class='ocrx_word' id='word_1_171' title='bbox 561 2585 780 2652; x_wconf 74' lang='lat' dir='ltr'><strong>Troiaesunera)</strong></span> <span class='ocrx_word' id='word_1_172' title='bbox 793 2586 936 2652; x_wconf 85' lang='lat' dir='ltr'><strong>suppletur.</strong></span> <span class='ocrx_word' id='word_1_173' title='bbox 1057 2585 1082 2635; x_wconf 90' lang='lat' dir='ltr'><strong>in</strong></span> <span class='ocrx_word' id='word_1_174' title='bbox 1096 2587 1183 2636; x_wconf 87' lang='lat' dir='ltr'><strong>urbem</strong></span> <span class='ocrx_word' id='word_1_175' title='bbox 1204 2603 1322 2637; x_wconf 89' lang='lat' dir='ltr'><strong>reuersus</strong></span> <span class='ocrx_word' id='word_1_176' title='bbox 1343 2586 1415 2651; x_wconf 77' lang='lat' dir='ltr'><strong>(tro)</strong></span> <span class='ocrx_word' id='word_1_177' title='bbox 1435 2602 1483 2636; x_wconf 91' lang='lat' dir='ltr'><strong>non</strong></span> <span class='ocrx_word' id='word_1_178' title='bbox 1502 2588 1599 2636; x_wconf 87' lang='lat' dir='ltr'><strong>minore</strong></span> <span class='ocrx_word' id='word_1_179' title='bbox 1625 2635 1631 2647; x_wconf 79' lang='grc'>,</span> 
     </span>
    </p>
   </div>
   <div class='ocr_carea' id='block_1_9' title="bbox 449 2653 1601 3270">
    <p class='ocr_par' dir='ltr' id='par_1_12' title="bbox 449 2653 1601 3270">
     <span class='ocr_line' id='line_1_23' title="bbox 469 2653 1600 2726; baseline -0.004 -17"><span class='ocrx_word' id='word_1_180' title='bbox 469 2659 569 2726; x_wconf 78' lang='lat' dir='ltr'><strong>Lyciae</strong></span> <span class='ocrx_word' id='word_1_181' title='bbox 582 2663 726 2707; x_wconf 79' lang='lat' dir='ltr'><strong>cateruae.-</strong></span> <span class='ocrx_word' id='word_1_182' title='bbox 740 2654 765 2704; x_wconf 92' lang='lat' dir='ltr'><strong>in</strong></span> <span class='ocrx_word' id='word_1_183' title='bbox 776 2655 920 2705; x_wconf 89' lang='lat' dir='ltr'><strong>caedendas</strong></span> <span class='ocrx_word' id='word_1_184' title='bbox 930 2661 1014 2705; x_wconf 88' lang='lat' dir='ltr'><strong>cater-</strong></span> <span class='ocrx_word' id='word_1_185' title='bbox 1057 2670 1118 2705; x_wconf 89' lang='lat' dir='ltr'><strong>curu</strong></span> <span class='ocrx_word' id='word_1_186' title='bbox 1132 2669 1205 2720; x_wconf 84' lang='lat' dir='ltr'><strong>quam</strong></span> <span class='ocrx_word' id='word_1_187' title='bbox 1213 2653 1348 2705; x_wconf 83' lang='lat' dir='ltr'><strong>Maecenas</strong></span> <span class='ocrx_word' id='word_1_188' title='bbox 1360 2654 1485 2704; x_wconf 85' lang='lat' dir='ltr'><strong>affinitate</strong></span> <span class='ocrx_word' id='word_1_189' title='bbox 1498 2657 1600 2705; x_wconf 86' lang='lat' dir='ltr'><strong>iunctus</strong></span> 
     </span>
     <span class='ocr_line' id='line_1_24' title="bbox 469 2722 1601 2795; baseline -0.005 -16"><span class='ocrx_word' id='word_1_190' title='bbox 469 2743 516 2779; x_wconf 87' lang='lat' dir='ltr'><strong>aas</strong></span> <span class='ocrx_word' id='word_1_191' title='bbox 532 2726 678 2795; x_wconf 81' lang='lat' dir='ltr'><strong>Lyciorum.</strong></span> <span class='ocrx_word' id='word_1_192' title='bbox 709 2723 806 2793; x_wconf 80' lang='lat' dir='ltr'><strong>Lyciae</strong></span> <span class='ocrx_word' id='word_1_193' title='bbox 826 2730 947 2775; x_wconf 83' lang='lat' dir='ltr'><strong>cateruae</strong></span> <span class='ocrx_word' id='word_1_194' title='bbox 967 2738 1012 2790; x_wconf 91' lang='lat' dir='ltr'><strong>pra</strong></span> <span class='ocrx_word' id='word_1_195' title='bbox 1056 2722 1102 2789; x_wconf 88' lang='lat' dir='ltr'><strong>(ci.</strong></span> <span class='ocrx_word' id='word_1_196' title='bbox 1118 2724 1149 2773; x_wconf 88' lang='lat' dir='ltr'><strong>ad</strong></span> <span class='ocrx_word' id='word_1_197' title='bbox 1164 2722 1196 2773; x_wconf 95' lang='lat' dir='ltr'><strong>lll</strong></span> <span class='ocrx_word' id='word_1_198' title='bbox 1218 2723 1262 2789; x_wconf 93' lang='grc'><strong>29)</strong></span> <span class='ocrx_word' id='word_1_199' title='bbox 1284 2722 1395 2773; x_wconf 88' lang='lat' dir='ltr'><strong>laturum</strong></span> <span class='ocrx_word' id='word_1_200' title='bbox 1414 2723 1527 2775; x_wconf 88' lang='lat' dir='ltr'><strong>ciuitatis</strong></span> <span class='ocrx_word' id='word_1_201' title='bbox 1547 2731 1601 2774; x_wconf 88' lang='lat' dir='ltr'><strong>sta·</strong></span> 
     </span>
     <span class='ocr_line' id='line_1_25' title="bbox 468 2792 1599 2858; baseline -0.005 -9"><span class='ocrx_word' id='word_1_202' title='bbox 468 2800 547 2849; x_wconf 82' lang='lat' dir='ltr'><strong>aaciir</strong></span> <span class='ocrx_word' id='word_1_203' title='bbox 562 2797 742 2849; x_wconf 82' lang='lat' dir='ltr'><strong>Troianorum</strong></span> <span class='ocrx_word' id='word_1_204' title='bbox 760 2794 896 2854; x_wconf 90' lang='lat' dir='ltr'><strong>dicuntur,</strong></span> <span class='ocrx_word' id='word_1_205' title='bbox 916 2809 963 2843; x_wconf 90' lang='lat' dir='ltr'><strong>usu</strong></span> <span class='ocrx_word' id='word_1_206' title='bbox 976 2792 1014 2841; x_wconf 89' lang='lat' dir='ltr'><strong>di·</strong></span> <span class='ocrx_word' id='word_1_207' title='bbox 1056 2800 1125 2856; x_wconf 91' lang='lat' dir='ltr'><strong>tum,</strong></span> <span class='ocrx_word' id='word_1_208' title='bbox 1146 2792 1245 2858; x_wconf 88' lang='lat' dir='ltr'><strong>qualem</strong></span> <span class='ocrx_word' id='word_1_209' title='bbox 1264 2793 1380 2858; x_wconf 85' lang='lat' dir='ltr'><strong>princeps</strong></span> <span class='ocrx_word' id='word_1_210' title='bbox 1399 2792 1507 2842; x_wconf 86' lang='lat' dir='ltr'><strong>daturas</strong></span> <span class='ocrx_word' id='word_1_211' title='bbox 1519 2800 1599 2857; x_wconf 88' lang='lat' dir='ltr'><strong>esset,</strong></span> 
     </span>
     <span class='ocr_line' id='line_1_26' title="bbox 449 2860 1601 2927; baseline -0.004 -11"><span class='ocrx_word' id='word_1_212' title='bbox 449 2866 542 2917; x_wconf 79' lang='lat' dir='ltr'><strong>‘cendi</strong></span> <span class='ocrx_word' id='word_1_213' title='bbox 562 2866 594 2916; x_wconf 82' lang='lat' dir='ltr'><strong>alr</strong></span> <span class='ocrx_word' id='word_1_214' title='bbox 612 2864 720 2914; x_wconf 90' lang='lat' dir='ltr'><strong>llomero</strong></span> <span class='ocrx_word' id='word_1_215' title='bbox 739 2862 833 2927; x_wconf 89' lang='lat' dir='ltr'><strong>petito,</strong></span> <span class='ocrx_word' id='word_1_216' title='bbox 855 2862 920 2926; x_wconf 89' lang='lat' dir='ltr'><strong>apud</strong></span> <span class='ocrx_word' id='word_1_217' title='bbox 939 2876 1012 2926; x_wconf 88' lang='lat' dir='ltr'><strong>quem</strong></span> <span class='ocrx_word' id='word_1_218' title='bbox 1057 2860 1218 2927; x_wconf 78' lang='lat' dir='ltr'><strong>expectauit,</strong></span> <span class='ocrx_word' id='word_1_219' title='bbox 1239 2874 1311 2926; x_wconf 89' lang='lat' dir='ltr'><strong>quam</strong></span> <span class='ocrx_word' id='word_1_220' title='bbox 1330 2860 1529 2911; x_wconf 86' lang='lat' dir='ltr'><strong>sollicitudiuem</strong></span> <span class='ocrx_word' id='word_1_221' title='bbox 1548 2862 1601 2911; x_wconf 85' lang='lat' dir='ltr'><strong>dis-</strong></span> 
     </span>
     <span class='ocr_line' id='line_1_27' title="bbox 468 2924 1599 2998; baseline -0.004 -12"><span class='ocrx_word' id='word_1_222' title='bbox 468 2938 609 2998; x_wconf 70' lang='lat' dir='ltr'><strong>iunguntur</strong></span> <span class='ocrx_word' id='word_1_223' title='bbox 623 2934 715 2998; x_wconf 77' lang='grc' dir='ltr'><strong><em>Τρῶες</em></strong></span> <span class='ocrx_word' id='word_1_224' title='bbox 726 2930 775 2981; x_wconf 81' lang='grc' dir='ltr'><strong>καὶ</strong></span> <span class='ocrx_word' id='word_1_225' title='bbox 786 2924 890 2981; x_wconf 76' lang='lat' dir='ltr'><strong>Aduena</strong></span> <span class='ocrx_word' id='word_1_226' title='bbox 903 2930 976 2980; x_wconf 88' lang='lat' dir='ltr'><strong>lliad.</strong></span> <span class='ocrx_word' id='word_1_227' title='bbox 987 2930 1014 2979; x_wconf 87' lang='grc' dir='ltr'><em>Δ</em></span> <span class='ocrx_word' id='word_1_228' title='bbox 1057 2930 1139 2979; x_wconf 84' lang='lat' dir='ltr'><strong>suasit</strong></span> <span class='ocrx_word' id='word_1_229' title='bbox 1152 2929 1247 2979; x_wconf 81' lang='lat' dir='ltr'><strong>ominus</strong></span> <span class='ocrx_word' id='word_1_230' title='bbox 1260 2928 1378 2978; x_wconf 82' lang='lat' dir='ltr'><strong>Horatius</strong></span> <span class='ocrx_word' id='word_1_231' title='bbox 1389 2928 1427 2993; x_wconf 86' lang='lat' dir='ltr'><strong>(u.</strong></span> <span class='ocrx_word' id='word_1_232' title='bbox 1441 2930 1555 2992; x_wconf 84' lang='lat'>13-14)</span> <span class='ocrx_word' id='word_1_233' title='bbox 1568 2945 1599 2981; x_wconf 85' lang='lat' dir='ltr'><strong>ae</strong></span> 
     </span>
     <span class='ocr_line' id='line_1_28' title="bbox 471 2996 1600 3067; baseline -0.005 -13"><span class='ocrx_word' id='word_1_234' title='bbox 471 3006 529 3067; x_wconf 75' lang='lat'><strong>197,</strong></span> <span class='ocrx_word' id='word_1_235' title='bbox 540 3008 567 3053; x_wconf 96' lang='lat' dir='ltr'><em>Z</em></span> <span class='ocrx_word' id='word_1_236' title='bbox 574 3003 617 3065; x_wconf 78' lang='lat'><strong>78,</strong></span> <span class='ocrx_word' id='word_1_237' title='bbox 628 3004 659 3052; x_wconf 89' lang='grc' dir='ltr'><em>Λ</em></span> <span class='ocrx_word' id='word_1_238' title='bbox 668 3001 718 3051; x_wconf 83' lang='grc'><strong>285</strong></span> <span class='ocrx_word' id='word_1_239' title='bbox 727 3014 778 3063; x_wconf 62' lang='grc' dir='ltr'><strong>οφ,</strong></span> <span class='ocrx_word' id='word_1_240' title='bbox 791 2999 871 3049; x_wconf 84' lang='grc'>0424</span> <span class='ocrx_word' id='word_1_241' title='bbox 879 3000 1010 3063; x_wconf 80' lang='lat' dir='ltr'><strong>et485sq.</strong></span> <span class='ocrx_word' id='word_1_242' title='bbox 1056 2998 1164 3047; x_wconf 88' lang='lat' dir='ltr'><strong>reditum</strong></span> <span class='ocrx_word' id='word_1_243' title='bbox 1178 2996 1208 3046; x_wconf 91' lang='lat' dir='ltr'><strong>ad</strong></span> <span class='ocrx_word' id='word_1_244' title='bbox 1222 2997 1329 3046; x_wconf 85' lang='lat' dir='ltr'><strong>omissas</strong></span> <span class='ocrx_word' id='word_1_245' title='bbox 1347 2997 1455 3047; x_wconf 89' lang='lat' dir='ltr'><strong>delicias</strong></span> <span class='ocrx_word' id='word_1_246' title='bbox 1473 3014 1600 3048; x_wconf 88' lang='lat' dir='ltr'><strong>commen·</strong></span> 
     </span>
     <span class='ocr_line' id='line_1_29' title="bbox 467 3063 1598 3133; baseline -0.004 -11"><span class='ocrx_word' id='word_1_247' title='bbox 467 3071 525 3123; x_wconf 84' lang='lat' dir='ltr'><strong>Non</strong></span> <span class='ocrx_word' id='word_1_248' title='bbox 544 3078 615 3121; x_wconf 90' lang='lat' dir='ltr'><strong>recte</strong></span> <span class='ocrx_word' id='word_1_249' title='bbox 634 3068 746 3133; x_wconf 81' lang='lat' dir='ltr'><strong>explicat</strong></span> <span class='ocrx_word' id='word_1_250' title='bbox 758 3065 886 3120; x_wconf 80' lang='lat' dir='ltr'><strong>Orelliua:</strong></span> <span class='ocrx_word' id='word_1_251' title='bbox 906 3071 935 3117; x_wconf 88' lang='lat' dir='ltr'><strong>in</strong></span> <span class='ocrx_word' id='word_1_252' title='bbox 953 3083 1013 3117; x_wconf 90' lang='lat' dir='ltr'><strong>cuc-</strong></span> <span class='ocrx_word' id='word_1_253' title='bbox 1056 3066 1128 3115; x_wconf 82' lang='lat' dir='ltr'><strong>duait</strong></span> <span class='ocrx_word' id='word_1_254' title='bbox 1141 3063 1278 3129; x_wconf 76' lang='lat' dir='ltr'><strong>(le-24).</strong></span> <span class='ocrx_word' id='word_1_255' title='bbox 1292 3065 1598 3131; x_wconf 76' lang='lat' dir='ltr'><strong>Puerumuaeauitilti),</strong></span> 
     </span>
     <span class='ocr_line' id='line_1_30' title="bbox 470 3134 1598 3205; baseline -0.004 -15"><span class='ocrx_word' id='word_1_256' title='bbox 470 3140 527 3191; x_wconf 88' lang='lat' dir='ltr'><strong>dem</strong></span> <span class='ocrx_word' id='word_1_257' title='bbox 558 3154 640 3205; x_wconf 81' lang='lat' dir='ltr'><strong>quam</strong></span> <span class='ocrx_word' id='word_1_258' title='bbox 662 3137 796 3201; x_wconf 79' lang='lat' dir='ltr'><strong>sarturae</strong></span> <span class='ocrx_word' id='word_1_259' title='bbox 824 3140 890 3185; x_wconf 89' lang='lat' dir='ltr'><strong>aunt</strong></span> <span class='ocrx_word' id='word_1_260' title='bbox 912 3136 1013 3203; x_wconf 79' lang='lat' dir='ltr'><strong>Lyciae</strong></span> <span class='ocrx_word' id='word_1_261' title='bbox 1055 3134 1097 3200; x_wconf 88' lang='lat' dir='ltr'><strong>qui</strong></span> <span class='ocrx_word' id='word_1_262' title='bbox 1110 3134 1236 3200; x_wconf 89' lang='lat' dir='ltr'><strong>pueritiae</strong></span> <span class='ocrx_word' id='word_1_263' title='bbox 1249 3149 1329 3185; x_wconf 90' lang='lat' dir='ltr'><strong>anuos</strong></span> <span class='ocrx_word' id='word_1_264' title='bbox 1341 3150 1461 3199; x_wconf 74' lang='lat' dir='ltr'><strong>egressus</strong></span> <span class='ocrx_word' id='word_1_265' title='bbox 1473 3143 1539 3199; x_wconf 89' lang='lat' dir='ltr'><strong>erat,</strong></span> <span class='ocrx_word' id='word_1_266' title='bbox 1553 3138 1598 3186; x_wconf 91' lang='lat' dir='ltr'><strong>sed</strong></span> 
     </span>
     <span class='ocr_line' id='line_1_31' title="bbox 469 3202 1598 3270; baseline -0.003 -12"><span class='ocrx_word' id='word_1_267' title='bbox 469 3213 604 3259; x_wconf 87' lang='lat' dir='ltr'><strong>cateruae.</strong></span> <span class='ocrx_word' id='word_1_268' title='bbox 878 3264 881 3269; x_wconf 39' lang='grc'>,</span> <span class='ocrx_word' id='word_1_269' title='bbox 1055 3218 1107 3253; x_wconf 85' lang='lat' dir='ltr'><strong>reru</strong></span> <span class='ocrx_word' id='word_1_270' title='bbox 1121 3202 1259 3268; x_wconf 86' lang='lat' dir='ltr'><strong>prudenter</strong></span> <span class='ocrx_word' id='word_1_271' title='bbox 1270 3205 1447 3269; x_wconf 78' lang='lat' dir='ltr'><strong>exaggerauit,</strong></span> <span class='ocrx_word' id='word_1_272' title='bbox 1458 3221 1506 3270; x_wconf 87' lang='lat' dir='ltr'><strong>quo</strong></span> <span class='ocrx_word' id='word_1_273' title='bbox 1516 3206 1598 3269; x_wconf 70' lang='lat' dir='ltr'><strong>magis</strong></span> 
     </span>
    </p>
   </div>
   <div class='ocr_carea' id='block_1_10' title="bbox 538 3272 1618 3393">
    <p class='ocr_par' dir='ltr' id='par_1_13' title="bbox 538 3272 1618 3393">
     <span class='ocr_line' id='line_1_32' title="bbox 852 3272 1618 3341; baseline 0.005 -21"><span class='ocrx_word' id='word_1_274' title='bbox 852 3328 858 3341; x_wconf 95' lang='lat'>.</span> <span class='ocrx_word' id='word_1_275' title='bbox 1055 3272 1197 3322; x_wconf 86' lang='lat' dir='ltr'><strong>iuuentutis</strong></span> <span class='ocrx_word' id='word_1_276' title='bbox 1206 3273 1300 3337; x_wconf 73' lang='lat' dir='ltr'><strong>gaudia</strong></span> <span class='ocrx_word' id='word_1_277' title='bbox 1314 3274 1476 3339; x_wconf 80' lang='lat' dir='ltr'><strong>approbaret.</strong></span> <span class='ocrx_word' id='word_1_278' title='bbox 1488 3273 1525 3324; x_wconf 78' lang='lat' dir='ltr'><strong>Aa</strong></span> <span class='ocrx_word' id='word_1_279' title='bbox 1535 3288 1597 3324; x_wconf 90' lang='lat' dir='ltr'><strong>saue</strong></span> <span class='ocrx_word' id='word_1_280' title='bbox 1614 3322 1618 3329; x_wconf 88' lang='grc'>,</span> 
     </span>
     <span class='ocr_line' id='line_1_33' title="bbox 538 3328 1597 3393; baseline 0.007 -7"><span class='ocrx_word' id='word_1_281' title='bbox 538 3332 624 3383; x_wconf 80' lang='lat' dir='ltr'><strong>Carra·</strong></span> <span class='ocrx_word' id='word_1_282' title='bbox 644 3328 723 3382; x_wconf 84' lang='lat' dir='ltr'><strong>Vllll·</strong></span> <span class='ocrx_word' id='word_1_283' title='bbox 743 3328 911 3379; x_wconf 70' lang='lat' dir='ltr'><strong>Pr⁰⁰⁰m¹⁰¹¹¹·</strong></span> <span class='ocrx_word' id='word_1_284' title='bbox 937 3330 1012 3380; x_wconf 66' lang='lat' dir='ltr'><strong>Dum</strong></span> <span class='ocrx_word' id='word_1_285' title='bbox 1055 3338 1203 3391; x_wconf 79' lang='lat' dir='ltr'><strong>Proculeius</strong></span> <span class='ocrx_word' id='word_1_286' title='bbox 1228 3342 1305 3392; x_wconf 87' lang='lat' dir='ltr'><strong>etiam</strong></span> <span class='ocrx_word' id='word_1_287' title='bbox 1333 3357 1399 3393; x_wconf 91' lang='lat' dir='ltr'><strong>anuo</strong></span> <span class='ocrx_word' id='word_1_288' title='bbox 1423 3342 1472 3393; x_wconf 83' lang='grc'><strong>742</strong></span> <span class='ocrx_word' id='word_1_289' title='bbox 1497 3343 1597 3393; x_wconf 88' lang='lat' dir='ltr'><strong>iuuenis</strong></span> 
     </span>
    </p>
   </div>
   <div class='ocr_carea' id='block_1_11' title="bbox 465 3410 1597 3581">
    <p class='ocr_par' dir='ltr' id='par_1_14' title="bbox 465 3410 1597 3581">
     <span class='ocr_line' id='line_1_34' title="bbox 467 3410 1597 3486; baseline -0.004 -21"><span class='ocrx_word' id='word_1_290' title='bbox 467 3426 555 3476; x_wconf 58' lang='lat' dir='ltr'><strong>priua,</strong></span> <span class='ocrx_word' id='word_1_291' title='bbox 567 3424 640 3472; x_wconf 59' lang='lat' dir='ltr'><strong>nrum</strong></span> <span class='ocrx_word' id='word_1_292' title='bbox 653 3436 732 3471; x_wconf 66' lang='lat' dir='ltr'><strong>oum</strong></span> <span class='ocrx_word' id='word_1_293' title='bbox 744 3419 1012 3486; x_wconf 66' lang='lat' dir='ltr'><strong>iateranr‚flpmtna</strong></span> <span class='ocrx_word' id='word_1_294' title='bbox 1055 3418 1112 3459; x_wconf 81' lang='lat' dir='ltr'><strong>ease</strong></span> <span class='ocrx_word' id='word_1_295' title='bbox 1127 3410 1234 3461; x_wconf 90' lang='lat' dir='ltr'><strong>noudum</strong></span> <span class='ocrx_word' id='word_1_296' title='bbox 1249 3412 1379 3475; x_wconf 88' lang='lat' dir='ltr'><strong>desierat,</strong></span> <span class='ocrx_word' id='word_1_297' title='bbox 1399 3426 1454 3461; x_wconf 88' lang='lat' dir='ltr'><strong>cum</strong></span> <span class='ocrx_word' id='word_1_298' title='bbox 1469 3410 1597 3474; x_wconf 73' lang='lat' dir='ltr'><strong>Augustus</strong></span> 
     </span>
     <span class='ocr_line' id='line_1_35' title="bbox 465 3476 1597 3581; baseline -0.004 -47"><span class='ocrx_word' id='word_1_299' title='bbox 465 3514 531 3581; x_wconf 60' lang='lat' dir='ltr'><em>gelu</em></span> <span class='ocrx_word' id='word_1_300' title='bbox 544 3514 705 3574; x_wconf 54' lang='lat' dir='ltr'><strong>commun„</strong></span> <span class='ocrx_word' id='word_1_301' title='bbox 723 3514 769 3573; x_wconf 58' lang='lat' dir='ltr'><strong>pu,</strong></span> <span class='ocrx_word' id='word_1_302' title='bbox 790 3511 914 3559; x_wconf 51' lang='lat' dir='ltr'><strong>conuiuii</strong></span> <span class='ocrx_word' id='word_1_303' title='bbox 923 3512 1012 3575; x_wconf 46' lang='lat' dir='ltr'><strong><em>mgi-</em></strong></span> <span class='ocrx_word' id='word_1_304' title='bbox 1054 3476 1144 3527; x_wconf 86' lang='lat' dir='ltr'><strong>lulium</strong></span> <span class='ocrx_word' id='word_1_305' title='bbox 1157 3478 1235 3529; x_wconf 86' lang='lat' dir='ltr'><strong>liliam</strong></span> <span class='ocrx_word' id='word_1_306' title='bbox 1248 3480 1272 3530; x_wconf 94' lang='lat' dir='ltr'><strong>ei</strong></span> <span class='ocrx_word' id='word_1_307' title='bbox 1285 3481 1310 3529; x_wconf 90' lang='lat' dir='ltr'><strong>in</strong></span> <span class='ocrx_word' id='word_1_308' title='bbox 1329 3481 1514 3530; x_wconf 83' lang='lat' dir='ltr'><strong>matrimonium</strong></span> <span class='ocrx_word' id='word_1_309' title='bbox 1534 3480 1597 3531; x_wconf 89' lang='lat' dir='ltr'><strong>dare</strong></span> 
     </span>
    </p>
   </div>
   <div class='ocr_carea' id='block_1_12' title="bbox 468 3546 1596 3681">
    <p class='ocr_par' dir='ltr' id='par_1_15' title="bbox 468 3546 1596 3681">
     <span class='ocr_line' id='line_1_36' title="bbox 829 3546 1596 3613; baseline 0.005 -20"><span class='ocrx_word' id='word_1_310' title='bbox 829 3601 835 3612; x_wconf 44' lang='grc'>,</span> <span class='ocrx_word' id='word_1_311' title='bbox 1055 3547 1169 3596; x_wconf 83' lang='lat' dir='ltr'><strong>nonnihil</strong></span> <span class='ocrx_word' id='word_1_312' title='bbox 1183 3546 1539 3613; x_wconf 66' lang='lat' dir='ltr'><strong>eonsultauiti&#39;l&#39;ueit.dunel.</strong></span> <span class='ocrx_word' id='word_1_313' title='bbox 1550 3548 1596 3599; x_wconf 90' lang='lat' dir='ltr'><strong>llll</strong></span> 
     </span>
     <span class='ocr_line' id='line_1_37' title="bbox 468 3598 1596 3681; baseline 0 -14"><span class='ocrx_word' id='word_1_314' title='bbox 468 3610 535 3663; x_wconf 66' lang='lat' dir='ltr'><strong>ster,</strong></span> <span class='ocrx_word' id='word_1_315' title='bbox 555 3600 709 3667; x_wconf 66' lang='lat' dir='ltr'><strong>srrnsrw</strong></span> <span class='ocrx_word' id='word_1_316' title='bbox 723 3599 799 3667; x_wconf 72' lang='lat' dir='ltr'><strong>targa</strong></span> <span class='ocrx_word' id='word_1_317' title='bbox 812 3598 889 3663; x_wconf 67' lang='lat' dir='ltr'><strong>lura</strong></span> <span class='ocrx_word' id='word_1_318' title='bbox 902 3614 1010 3664; x_wconf 70' lang='lat' dir='ltr'><strong>renero</strong></span> <span class='ocrx_word' id='word_1_319' title='bbox 1055 3616 1087 3665; x_wconf 83' lang='lat' dir='ltr'><strong>ue</strong></span> <span class='ocrx_word' id='word_1_320' title='bbox 1101 3616 1195 3681; x_wconf 76' lang='lat' dir='ltr'><strong>etro).</strong></span> <span class='ocrx_word' id='word_1_321' title='bbox 1216 3616 1309 3667; x_wconf 72' lang='lat' dir='ltr'><strong>uetera</strong></span> <span class='ocrx_word' id='word_1_322' title='bbox 1322 3617 1353 3667; x_wconf 74' lang='lat' dir='ltr'><strong>ue</strong></span> <span class='ocrx_word' id='word_1_323' title='bbox 1366 3617 1421 3667; x_wconf 65' lang='lat' dir='ltr'><strong>urea</strong></span> <span class='ocrx_word' id='word_1_324' title='bbox 1434 3617 1527 3666; x_wconf 73' lang='lat' dir='ltr'><strong>eximio</strong></span> <span class='ocrx_word' id='word_1_325' title='bbox 1539 3616 1596 3680; x_wconf 71' lang='lat' dir='ltr'><strong>rege</strong></span> 
     </span>
    </p>
   </div>
   <div class='ocr_carea' id='block_1_13' title="bbox 468 3683 1596 3757">
    <p class='ocr_par' dir='ltr' id='par_1_16' title="bbox 468 3683 1596 3757">
     <span class='ocr_line' id='line_1_38' title="bbox 468 3683 1596 3757; baseline -0.011 -14"><span class='ocrx_word' id='word_1_326' title='bbox 468 3697 562 3743; x_wconf 88' lang='lat' dir='ltr'><strong>uinum</strong></span> <span class='ocrx_word' id='word_1_327' title='bbox 584 3692 725 3757; x_wconf 73' lang='lat' dir='ltr'><strong>benignius</strong></span> <span class='ocrx_word' id='word_1_328' title='bbox 749 3689 886 3755; x_wconf 81' lang='lat' dir='ltr'><strong>deprome.</strong></span> <span class='ocrx_word' id='word_1_329' title='bbox 916 3690 1012 3741; x_wconf 84' lang='lat' dir='ltr'><strong>Cetera</strong></span> <span class='ocrx_word' id='word_1_330' title='bbox 1054 3684 1086 3733; x_wconf 85' lang='lat' dir='ltr'><strong>ud</strong></span> <span class='ocrx_word' id='word_1_331' title='bbox 1099 3683 1120 3735; x_wconf 93' lang='grc' dir='ltr'><strong>ΙΙ</strong></span> <span class='ocrx_word' id='word_1_332' title='bbox 1135 3684 1150 3735; x_wconf 95' lang='grc'>2</span> <span class='ocrx_word' id='word_1_333' title='bbox 1164 3686 1190 3735; x_wconf 84' lang='grc'><strong>5.</strong></span> <span class='ocrx_word' id='word_1_334' title='bbox 1210 3684 1359 3737; x_wconf 85' lang='lat' dir='ltr'><strong>Proculeius</strong></span> <span class='ocrx_word' id='word_1_335' title='bbox 1377 3686 1455 3749; x_wconf 78' lang='lat' dir='ltr'><strong>igitur</strong></span> <span class='ocrx_word' id='word_1_336' title='bbox 1471 3684 1551 3732; x_wconf 85' lang='lat' dir='ltr'><strong>redux</strong></span> <span class='ocrx_word' id='word_1_337' title='bbox 1563 3699 1596 3732; x_wconf 87' lang='lat' dir='ltr'><strong>ex</strong></span> 
     </span>
    </p>
   </div>
   <div class='ocr_carea' id='block_1_14' title="bbox 468 3750 1595 3886">
    <p class='ocr_par' dir='ltr' id='par_1_17' title="bbox 468 3750 1595 3886">
     <span class='ocr_line' id='line_1_39' title="bbox 468 3750 1595 3847; baseline -0.004 -14"><span class='ocrx_word' id='word_1_338' title='bbox 468 3783 540 3833; x_wconf 75' lang='lat' dir='ltr'><strong>diuis</strong></span> <span class='ocrx_word' id='word_1_339' title='bbox 556 3784 688 3847; x_wconf 84' lang='lat' dir='ltr'><strong>permitte</strong></span> <span class='ocrx_word' id='word_1_340' title='bbox 712 3783 832 3830; x_wconf 81' lang='lat' dir='ltr'><strong>omarum</strong></span> <span class='ocrx_word' id='word_1_341' title='bbox 855 3794 947 3830; x_wconf 90' lang='lat' dir='ltr'><strong>rerum</strong></span> <span class='ocrx_word' id='word_1_342' title='bbox 966 3794 1012 3830; x_wconf 87' lang='lat' dir='ltr'><strong>ar·</strong></span> <span class='ocrx_word' id='word_1_343' title='bbox 1053 3752 1169 3836; x_wconf 61' lang='grc' dir='ltr'><strong>ᾹῗῧΥΡῑθ</strong></span> <span class='ocrx_word' id='word_1_344' title='bbox 1181 3754 1282 3804; x_wconf 52' lang='lat' dir='ltr'><strong>‘mia</strong></span> <span class='ocrx_word' id='word_1_345' title='bbox 1295 3754 1320 3833; x_wconf 56' lang='lat'><strong>³¹!</strong></span> <span class='ocrx_word' id='word_1_346' title='bbox 1340 3752 1402 3801; x_wconf 56' lang='lat'><strong>”5¹¹⁸</strong></span> <span class='ocrx_word' id='word_1_347' title='bbox 1419 3752 1528 3830; x_wconf 37' lang='lat' dir='ltr'><strong>&#39;quidam</strong></span> <span class='ocrx_word' id='word_1_348' title='bbox 1541 3750 1595 3831; x_wconf 63' lang='lat' dir='ltr'><strong>‚sa‘</strong></span> 
     </span>
     <span class='ocr_line' id='line_1_40' title="bbox 1056 3818 1594 3886; baseline -0.004 -14"><span class='ocrx_word' id='word_1_349' title='bbox 1056 3823 1119 3872; x_wconf 81' lang='lat' dir='ltr'><strong>irna</strong></span> <span class='ocrx_word' id='word_1_350' title='bbox 1132 3828 1169 3886; x_wconf 76' lang='lat' dir='ltr'><strong>iu.</strong></span> <span class='ocrx_word' id='word_1_351' title='bbox 1186 3822 1213 3885; x_wconf 85' lang='grc'><strong>7)</strong></span> <span class='ocrx_word' id='word_1_352' title='bbox 1234 3822 1363 3871; x_wconf 87' lang='lat' dir='ltr'><strong>lloratrum</strong></span> <span class='ocrx_word' id='word_1_353' title='bbox 1376 3826 1402 3868; x_wconf 88' lang='lat' dir='ltr'><strong>et</strong></span> <span class='ocrx_word' id='word_1_354' title='bbox 1421 3818 1486 3867; x_wconf 88' lang='lat' dir='ltr'><strong>ulras</strong></span> <span class='ocrx_word' id='word_1_355' title='bbox 1499 3832 1594 3870; x_wconf 79' lang='lat' dir='ltr'><strong>anticos</strong></span> 
     </span>
    </p>
   </div>
   <div class='ocr_carea' id='block_1_15' title="bbox 420 3868 1595 4025">
    <p class='ocr_par' dir='ltr' id='par_1_18' title="bbox 420 3868 1595 4025">
     <span class='ocr_line' id='line_1_41' title="bbox 420 3868 1593 3957; baseline 0.001 -20"><span class='ocrx_word' id='word_1_356' title='bbox 420 3898 423 3903; x_wconf 85' lang='grc'><strong>’</strong></span> <span class='ocrx_word' id='word_1_357' title='bbox 469 3873 564 3934; x_wconf 55' lang='lat' dir='ltr'><strong>limis</strong></span> <span class='ocrx_word' id='word_1_358' title='bbox 584 3871 618 3920; x_wconf 60' lang='lat'><strong>‘¹⁰</strong></span> <span class='ocrx_word' id='word_1_359' title='bbox 637 3876 758 3935; x_wconf 61' lang='lat' dir='ltr'><strong>limP‘ll&#39;l&#39;</strong></span> <span class='ocrx_word' id='word_1_360' title='bbox 769 3869 873 3935; x_wconf 55' lang='lat' dir='ltr'><strong>sulm</strong></span> <span class='ocrx_word' id='word_1_361' title='bbox 891 3883 946 3918; x_wconf 68' lang='lat'><strong>’³⁰⁷²</strong></span> <span class='ocrx_word' id='word_1_362' title='bbox 958 3868 1012 3919; x_wconf 58' lang='grc' dir='ltr'><strong>*υἷ’</strong></span> <span class='ocrx_word' id='word_1_363' title='bbox 1053 3890 1132 3955; x_wconf 76' lang='lat' dir='ltr'><strong>lurgis</strong></span> <span class='ocrx_word' id='word_1_364' title='bbox 1145 3890 1227 3957; x_wconf 90' lang='lat' dir='ltr'><strong>epulis</strong></span> <span class='ocrx_word' id='word_1_365' title='bbox 1241 3890 1344 3938; x_wconf 86' lang='lat' dir='ltr'><strong>hiberno</strong></span> <span class='ocrx_word' id='word_1_366' title='bbox 1358 3894 1469 3952; x_wconf 91' lang='lat' dir='ltr'><strong>tempore</strong></span> <span class='ocrx_word' id='word_1_367' title='bbox 1483 3888 1593 3953; x_wconf 79' lang='lat' dir='ltr'><strong>excepit,</strong></span> 
     </span>
     <span class='ocr_line' id='line_1_42' title="bbox 468 3954 1595 4025; baseline -0.004 -14"><span class='ocrx_word' id='word_1_368' title='bbox 468 3961 580 4025; x_wconf 75' lang='lat' dir='ltr'><strong>Mcitua,</strong></span> <span class='ocrx_word' id='word_1_369' title='bbox 601 3962 684 4010; x_wconf 86' lang='lat' dir='ltr'><strong>imma</strong></span> <span class='ocrx_word' id='word_1_370' title='bbox 707 3973 814 4009; x_wconf 83' lang='lat' dir='ltr'><strong>amarer</strong></span> <span class='ocrx_word' id='word_1_371' title='bbox 839 3962 868 4008; x_wconf 87' lang='lat' dir='ltr'><strong>at</strong></span> <span class='ocrx_word' id='word_1_372' title='bbox 885 3959 1009 4022; x_wconf 75' lang='lat' dir='ltr'><strong>cleareaa,</strong></span> <span class='ocrx_word' id='word_1_373' title='bbox 1054 3958 1080 4007; x_wconf 90' lang='lat' dir='ltr'><strong>in</strong></span> <span class='ocrx_word' id='word_1_374' title='bbox 1104 3959 1177 4008; x_wconf 91' lang='lat' dir='ltr'><strong>cuius</strong></span> <span class='ocrx_word' id='word_1_375' title='bbox 1201 3957 1238 4006; x_wconf 91' lang='lat' dir='ltr'><strong>rei</strong></span> <span class='ocrx_word' id='word_1_376' title='bbox 1265 3954 1410 4005; x_wconf 87' lang='lat' dir='ltr'><strong>memoriam</strong></span> <span class='ocrx_word' id='word_1_377' title='bbox 1436 3955 1483 4003; x_wconf 85' lang='lat' dir='ltr'><strong>hoe</strong></span> <span class='ocrx_word' id='word_1_378' title='bbox 1506 3970 1595 4021; x_wconf 86' lang='lat' dir='ltr'><strong>poema</strong></span> 
     </span>
    </p>
   </div>
   <div class='ocr_carea' id='block_1_16' title="bbox 468 4022 1595 4156">
    <p class='ocr_par' dir='ltr' id='par_1_19' title="bbox 468 4022 1595 4156">
     <span class='ocr_line' id='line_1_43' title="bbox 468 4022 1595 4156; baseline 0.01 -56"><span class='ocrx_word' id='word_1_379' title='bbox 468 4066 529 4101; x_wconf 87' lang='lat' dir='ltr'><strong>eam</strong></span> <span class='ocrx_word' id='word_1_380' title='bbox 553 4052 592 4099; x_wconf 86' lang='lat' dir='ltr'><strong>aia</strong></span> <span class='ocrx_word' id='word_1_381' title='bbox 610 4046 755 4101; x_wconf 88' lang='lat' dir='ltr'><strong>admodum</strong></span> <span class='ocrx_word' id='word_1_382' title='bbox 779 4049 886 4097; x_wconf 78' lang='lat' dir='ltr'><strong>iuuenis</strong></span> <span class='ocrx_word' id='word_1_383' title='bbox 912 4048 1009 4114; x_wconf 91' lang='lat' dir='ltr'><strong>(puer),</strong></span> <span class='ocrx_word' id='word_1_384' title='bbox 1053 4022 1595 4156; x_wconf 44' lang='grc' dir='ltr'><strong>ῗξὲιΡῃῑῖοὓῑῃὲῗιῧὲἓζἐέἷυΐξξῖᾞοέῑῖῑ</strong></span> 
     </span>
    </p>
   </div>
   <div class='ocr_carea' id='block_1_17' title="bbox 451 4134 1595 4727">
    <p class='ocr_par' dir='ltr' id='par_1_20' title="bbox 451 4134 1593 4227">
     <span class='ocr_line' id='line_1_44' title="bbox 451 4134 1593 4227; baseline -0.002 -14"><span class='ocrx_word' id='word_1_385' title='bbox 451 4138 672 4227; x_wconf 42' lang='grc' dir='ltr'><strong>,ΨθΜΜΜῙί</strong></span> <span class='ocrx_word' id='word_1_386' title='bbox 691 4134 813 4202; x_wconf 59' lang='lat' dir='ltr'><strong>(mmm</strong></span> <span class='ocrx_word' id='word_1_387' title='bbox 825 4136 980 4201; x_wconf 55' lang='lat' dir='ltr'><strong>mamm·</strong></span> <span class='ocrx_word' id='word_1_388' title='bbox 1052 4162 1145 4224; x_wconf 80' lang='lat' dir='ltr'><strong>lingius</strong></span> <span class='ocrx_word' id='word_1_389' title='bbox 1168 4159 1206 4225; x_wconf 91' lang='lat' dir='ltr'><strong>(ia</strong></span> <span class='ocrx_word' id='word_1_390' title='bbox 1226 4159 1310 4209; x_wconf 85' lang='lat' dir='ltr'><strong>indice</strong></span> <span class='ocrx_word' id='word_1_391' title='bbox 1329 4160 1473 4210; x_wconf 85' lang='lat' dir='ltr'><strong>scholarum</strong></span> <span class='ocrx_word' id='word_1_392' title='bbox 1493 4160 1593 4212; x_wconf 88' lang='lat' dir='ltr'><strong>lenens.</strong></span> 
     </span>
    </p>

    <p class='ocr_par' dir='ltr' id='par_1_21' title="bbox 465 4227 1595 4727">
     <span class='ocr_line' id='line_1_45' title="bbox 539 4227 1595 4297; baseline -0.005 -13"><span class='ocrx_word' id='word_1_393' title='bbox 539 4228 750 4295; x_wconf 80' lang='lat' dir='ltr'><strong>Ttdiiarclrnm,</strong></span> <span class='ocrx_word' id='word_1_394' title='bbox 778 4246 852 4297; x_wconf 89' lang='lat' dir='ltr'><strong>quem</strong></span> <span class='ocrx_word' id='word_1_395' title='bbox 870 4230 1011 4295; x_wconf 82' lang='lat' dir='ltr'><strong>alloquitur</strong></span> <span class='ocrx_word' id='word_1_396' title='bbox 1054 4230 1154 4280; x_wconf 79' lang='lat' dir='ltr'><strong>hibern.</strong></span> <span class='ocrx_word' id='word_1_397' title='bbox 1176 4244 1191 4278; x_wconf 87' lang='lat' dir='ltr'><strong>a</strong></span> <span class='ocrx_word' id='word_1_398' title='bbox 1215 4228 1292 4292; x_wconf 66' lang='lat'>1851)</span> <span class='ocrx_word' id='word_1_399' title='bbox 1326 4227 1458 4279; x_wconf 88' lang='lat' dir='ltr'><strong>Horatium</strong></span> <span class='ocrx_word' id='word_1_400' title='bbox 1482 4236 1509 4279; x_wconf 95' lang='lat' dir='ltr'><strong>et</strong></span> <span class='ocrx_word' id='word_1_401' title='bbox 1529 4230 1595 4280; x_wconf 89' lang='lat' dir='ltr'><strong>alios</strong></span> 
     </span>
     <span class='ocr_line' id='line_1_46' title="bbox 466 4292 1595 4366; baseline -0.005 -12"><span class='ocrx_word' id='word_1_402' title='bbox 466 4303 586 4366; x_wconf 77' lang='lat' dir='ltr'><strong>Flaccus,</strong></span> <span class='ocrx_word' id='word_1_403' title='bbox 601 4316 656 4351; x_wconf 88' lang='lat' dir='ltr'><strong>esse</strong></span> <span class='ocrx_word' id='word_1_404' title='bbox 671 4300 700 4350; x_wconf 78' lang='grc' dir='ltr'><strong>θ.</strong></span> <span class='ocrx_word' id='word_1_405' title='bbox 712 4292 891 4362; x_wconf 69' lang='lat' dir='ltr'><strong>Proculeium,</strong></span> <span class='ocrx_word' id='word_1_406' title='bbox 903 4298 1009 4348; x_wconf 87' lang='lat' dir='ltr'><strong>iratrem</strong></span> <span class='ocrx_word' id='word_1_407' title='bbox 1051 4298 1175 4347; x_wconf 90' lang='lat' dir='ltr'><strong>amicosa</strong></span> <span class='ocrx_word' id='word_1_408' title='bbox 1190 4296 1345 4347; x_wconf 85' lang='lat' dir='ltr'><strong>Maecenate</strong></span> <span class='ocrx_word' id='word_1_409' title='bbox 1357 4297 1382 4347; x_wconf 92' lang='lat' dir='ltr'><strong>ia</strong></span> <span class='ocrx_word' id='word_1_410' title='bbox 1401 4299 1490 4348; x_wconf 91' lang='lat' dir='ltr'><strong>uillam</strong></span> <span class='ocrx_word' id='word_1_411' title='bbox 1502 4296 1595 4349; x_wconf 82' lang='lat' dir='ltr'><strong>Titur-</strong></span> 
     </span>
     <span class='ocr_line' id='line_1_47' title="bbox 466 4365 1595 4433; baseline -0.005 -10"><span class='ocrx_word' id='word_1_412' title='bbox 466 4371 604 4423; x_wconf 80' lang='lat' dir='ltr'><strong>&#39;Pereatiae</strong></span> <span class='ocrx_word' id='word_1_413' title='bbox 624 4367 779 4420; x_wconf 77' lang='lat' dir='ltr'><strong>Maecenatis</strong></span> <span class='ocrx_word' id='word_1_414' title='bbox 797 4368 885 4418; x_wconf 82' lang='lat' dir='ltr'><strong>uxoris</strong></span> <span class='ocrx_word' id='word_1_415' title='bbox 902 4367 934 4415; x_wconf 81' lang='lat' dir='ltr'><strong>alt</strong></span> <span class='ocrx_word' id='word_1_416' title='bbox 958 4365 1009 4415; x_wconf 88' lang='lat' dir='ltr'><strong>llo·</strong></span> <span class='ocrx_word' id='word_1_417' title='bbox 1051 4366 1130 4415; x_wconf 89' lang='lat' dir='ltr'><strong>tiuam</strong></span> <span class='ocrx_word' id='word_1_418' title='bbox 1148 4365 1270 4416; x_wconf 86' lang='lat' dir='ltr'><strong>inuitatos</strong></span> <span class='ocrx_word' id='word_1_419' title='bbox 1287 4382 1343 4416; x_wconf 87' lang='lat' dir='ltr'><strong>esse</strong></span> <span class='ocrx_word' id='word_1_420' title='bbox 1357 4375 1437 4432; x_wconf 85' lang='lat' dir='ltr'><strong>putat,</strong></span> <span class='ocrx_word' id='word_1_421' title='bbox 1458 4382 1522 4433; x_wconf 87' lang='lat' dir='ltr'><strong>quae</strong></span> <span class='ocrx_word' id='word_1_422' title='bbox 1536 4383 1595 4417; x_wconf 92' lang='lat' dir='ltr'><strong>eon·</strong></span> 
     </span>
     <span class='ocr_line' id='line_1_48' title="bbox 466 4434 1594 4497; baseline -0.006 -4"><span class='ocrx_word' id='word_1_423' title='bbox 466 4443 533 4492; x_wconf 88' lang='lat' dir='ltr'><strong>ratio</strong></span> <span class='ocrx_word' id='word_1_424' title='bbox 546 4441 631 4490; x_wconf 82' lang='lat' dir='ltr'><strong>obiter</strong></span> <span class='ocrx_word' id='word_1_425' title='bbox 641 4438 770 4488; x_wconf 87' lang='lat' dir='ltr'><strong>laudatum</strong></span> <span class='ocrx_word' id='word_1_426' title='bbox 784 4436 834 4486; x_wconf 79' lang='lat'><strong>112</strong></span> <span class='ocrx_word' id='word_1_427' title='bbox 848 4438 874 4497; x_wconf 79' lang='grc'><strong>5,</strong></span> <span class='ocrx_word' id='word_1_428' title='bbox 888 4435 947 4484; x_wconf 82' lang='lat' dir='ltr'><strong>ltine</strong></span> <span class='ocrx_word' id='word_1_429' title='bbox 961 4449 1008 4497; x_wconf 73' lang='lat' dir='ltr'><strong>ege</strong></span> <span class='ocrx_word' id='word_1_430' title='bbox 1051 4436 1150 4485; x_wconf 89' lang='lat' dir='ltr'><strong>iectura</strong></span> <span class='ocrx_word' id='word_1_431' title='bbox 1160 4434 1222 4485; x_wconf 84' lang='lat' dir='ltr'><strong>milri</strong></span> <span class='ocrx_word' id='word_1_432' title='bbox 1232 4435 1370 4485; x_wconf 87' lang='lat' dir='ltr'><strong>omittenda</strong></span> <span class='ocrx_word' id='word_1_433' title='bbox 1381 4435 1444 4486; x_wconf 87' lang='lat' dir='ltr'><strong>init:</strong></span> <span class='ocrx_word' id='word_1_434' title='bbox 1459 4435 1594 4487; x_wconf 86' lang='lat' dir='ltr'><strong>Maecenas</strong></span> 
     </span>
     <span class='ocr_line' id='line_1_49' title="bbox 465 4502 1594 4574; baseline -0.006 -12"><span class='ocrx_word' id='word_1_435' title='bbox 465 4509 635 4574; x_wconf 71' lang='lat' dir='ltr'><strong>colligendam</strong></span> <span class='ocrx_word' id='word_1_436' title='bbox 647 4506 769 4568; x_wconf 81' lang='lat' dir='ltr'><strong>arbitror,</strong></span> <span class='ocrx_word' id='word_1_437' title='bbox 783 4504 848 4570; x_wconf 84' lang='lat' dir='ltr'><strong>quod</strong></span> <span class='ocrx_word' id='word_1_438' title='bbox 858 4511 885 4554; x_wconf 93' lang='lat' dir='ltr'><strong>et</strong></span> <span class='ocrx_word' id='word_1_439' title='bbox 895 4502 1010 4570; x_wconf 77' lang='lat' dir='ltr'><strong>syllaba·</strong></span> <span class='ocrx_word' id='word_1_440' title='bbox 1052 4503 1117 4554; x_wconf 85' lang='lat' dir='ltr'><strong>enim</strong></span> <span class='ocrx_word' id='word_1_441' title='bbox 1128 4504 1235 4555; x_wconf 88' lang='lat' dir='ltr'><strong>maritus</strong></span> <span class='ocrx_word' id='word_1_442' title='bbox 1246 4503 1303 4567; x_wconf 87' lang='lat' dir='ltr'><strong>luit,</strong></span> <span class='ocrx_word' id='word_1_443' title='bbox 1312 4519 1360 4569; x_wconf 88' lang='lat' dir='ltr'><strong>quo</strong></span> <span class='ocrx_word' id='word_1_444' title='bbox 1369 4504 1594 4571; x_wconf 84' lang='lat' dir='ltr'><strong>temporeFlaccus</strong></span> 
     </span>
     <span class='ocr_line' id='line_1_50' title="bbox 466 4571 1592 4642; baseline -0.006 -12"><span class='ocrx_word' id='word_1_445' title='bbox 466 4595 521 4642; x_wconf 82' lang='lat' dir='ltr'><strong>rum</strong></span> <span class='ocrx_word' id='word_1_446' title='bbox 534 4578 601 4628; x_wconf 89' lang='lat' dir='ltr'><strong>ratio</strong></span> <span class='ocrx_word' id='word_1_447' title='bbox 614 4574 745 4639; x_wconf 76' lang='lat' dir='ltr'><strong>utriusque</strong></span> <span class='ocrx_word' id='word_1_448' title='bbox 758 4572 867 4622; x_wconf 88' lang='lat' dir='ltr'><strong>nominis</strong></span> <span class='ocrx_word' id='word_1_449' title='bbox 886 4571 1007 4635; x_wconf 91' lang='lat' dir='ltr'><strong>concinit,</strong></span> <span class='ocrx_word' id='word_1_450' title='bbox 1052 4572 1140 4624; x_wconf 74' lang='lat' dir='ltr'><strong>Alcaei</strong></span> <span class='ocrx_word' id='word_1_451' title='bbox 1154 4573 1262 4639; x_wconf 82' lang='lat' dir='ltr'><strong>strophis</strong></span> <span class='ocrx_word' id='word_1_452' title='bbox 1274 4573 1312 4622; x_wconf 90' lang='lat' dir='ltr'><strong>uti</strong></span> <span class='ocrx_word' id='word_1_453' title='bbox 1326 4574 1409 4639; x_wconf 88' lang='lat' dir='ltr'><strong>coepit</strong></span> <span class='ocrx_word' id='word_1_454' title='bbox 1421 4573 1467 4636; x_wconf 89' lang='lat' dir='ltr'><strong>(ai.</strong></span> <span class='ocrx_word' id='word_1_455' title='bbox 1481 4574 1512 4623; x_wconf 85' lang='lat' dir='ltr'><strong>ad</strong></span> <span class='ocrx_word' id='word_1_456' title='bbox 1527 4573 1536 4623; x_wconf 97' lang='lat' dir='ltr'><strong>l</strong></span> <span class='ocrx_word' id='word_1_457' title='bbox 1550 4574 1592 4635; x_wconf 87' lang='grc'><strong>26,</strong></span> 
     </span>
     <span class='ocr_line' id='line_1_51' title="bbox 466 4638 1593 4727; baseline -0.005 -30"><span class='ocrx_word' id='word_1_458' title='bbox 466 4654 493 4696; x_wconf 86' lang='lat' dir='ltr'><strong>et</strong></span> <span class='ocrx_word' id='word_1_459' title='bbox 504 4653 593 4697; x_wconf 88' lang='lat' dir='ltr'><strong>cetera</strong></span> <span class='ocrx_word' id='word_1_460' title='bbox 605 4642 698 4710; x_wconf 85' lang='lat' dir='ltr'><strong>optime</strong></span> <span class='ocrx_word' id='word_1_461' title='bbox 707 4639 871 4690; x_wconf 88' lang='lat' dir='ltr'><strong>conueniunt.</strong></span> <span class='ocrx_word' id='word_1_462' title='bbox 886 4638 924 4689; x_wconf 81' lang='lat' dir='ltr'><strong>llo</strong></span> <span class='ocrx_word' id='word_1_463' title='bbox 933 4654 1009 4706; x_wconf 84' lang='lat' dir='ltr'><strong>prae·</strong></span> <span class='ocrx_word' id='word_1_464' title='bbox 1054 4640 1075 4692; x_wconf 94' lang='lat' dir='ltr'><strong>ll</strong></span> <span class='ocrx_word' id='word_1_465' title='bbox 1086 4642 1094 4692; x_wconf 91' lang='lat' dir='ltr'><strong>l</strong></span> <span class='ocrx_word' id='word_1_466' title='bbox 1101 4642 1127 4709; x_wconf 89' lang='grc'><strong>2,</strong></span> <span class='ocrx_word' id='word_1_467' title='bbox 1135 4642 1216 4710; x_wconf 85' lang='lat' dir='ltr'><strong>llpod.</strong></span> <span class='ocrx_word' id='word_1_468' title='bbox 1225 4641 1264 4707; x_wconf 85' lang='lat'><strong>3),</strong></span> <span class='ocrx_word' id='word_1_469' title='bbox 1274 4656 1353 4727; x_wconf 75' lang='lat' dir='ltr'><strong>nequp</strong></span> <span class='ocrx_word' id='word_1_470' title='bbox 1362 4642 1419 4692; x_wconf 87' lang='lat' dir='ltr'><strong>lrnic</strong></span> <span class='ocrx_word' id='word_1_471' title='bbox 1426 4642 1529 4693; x_wconf 88' lang='lat' dir='ltr'><strong>suaderi</strong></span> <span class='ocrx_word' id='word_1_472' title='bbox 1536 4649 1593 4708; x_wconf 89' lang='lat' dir='ltr'><strong>apte</strong></span> 
     </span>
    </p>
   </div>
   <div class='ocr_carea' id='block_1_18' title="bbox 0 0 1946 5525">
    <p class='ocr_par' dir='ltr' id='par_1_22' title="bbox 0 0 1946 5525">
     <span class='ocr_line' id='line_1_52' title="bbox 0 0 1946 5525; baseline 0 4"><span class='ocrx_word' id='word_1_473' title='bbox 0 0 1946 5525; x_wconf 95' lang='lat' dir='ltr'><strong> </strong></span> 
     </span>
    </p>
   </div>
  </div>
 </body>
</html>
