3884 5525
834 595 1015 651 cnuuinvil
1032 596 1067 649 ill
1086 600 1112 649 3.

587 769 718 831 insultet
732 772 909 833 armentum
924 773 956 829 et
971 766 1093 829 catulos
1108 767 1194 831 ferae

589 881 688 945 celent
702 880 833 956 inultae,
852 883 915 941 stet
930 874 1121 954 Capitolium

589 992 725 1069 iirlgens,
743 991 1005 1069 triumphatisque
1020 990 1121 1065 possit

588 1100 687 1165 Roma
704 1102 793 1167 ieron
810 1103 883 1165 dare
899 1103 968 1164 iura
983 1098 1097 1163 Medis.

590 1255 743 1318 horrenda
759 1255 822 1317 late
838 1270 949 1317 nomen
965 1256 999 1317 ln
1013 1254 1142 1317 ultimas
1474 1268 1508 1317 ts

590 1366 836 1443 emundaturus,
854 1381 915 1443 qua
931 1344 1052 1427 medius
1066 1340 1171 1442 liquor

589 1477 724 1539 secernit
738 1472 884 1552 Europen
900 1477 939 1537 al)
954 1476 1045 1553 Alio,

587 1602 648 1663 uua
663 1588 801 1649 tumidus
817 1588 901 1664 rigat
915 1602 994 1649 arua
1006 1584 1114 1663 Nilus,

588 1754 697 1802 aurum
715 1741 905 1817 inrepertum
921 1745 953 1803 et
968 1742 1015 1803 sie
1029 1740 1142 1802 melius
1157 1741 1263 1816 situm,

589 1866 658 1913 enm
676 1855 758 1914 terra
775 1852 867 1928 celan
886 1868 1034 1928 spernere
1049 1852 1162 1915 iortlor

588 1976 678 2038 quarn
695 1978 809 2039 cogere
823 1962 976 2025 humanos
991 1964 1022 2025 iu
1040 1978 1118 2025 usus

587 2086 678 2134 omne
692 2087 818 2136 sacrum
834 2076 975 2151 rapiente
990 2076 1112 2136 dextra.

445 2278 489 2327 42.
510 2248 601 2339 Celent
613 2280 646 2329 H.
764 2281 807 2330 46.
828 2280 903 2329 boras
918 2258 990 2329 GHs
1055 2280 1121 2329 licor
1134 2279 1169 2330 11.
1285 2279 1328 2329 ts.
1349 2280 1505 2345 inrepertum

373 2346 480 2411 uuna,
499 2349 641 2413 ireperium
651 2363 680 2415 g.
785 2349 827 2401 50.
847 2348 959 2411 celatH.

426 2578 539 2629 38-39.
562 2579 832 2645 quolibet—beati:
852 2597 919 2631 com·
962 2581 988 2630 ln.
1009 2595 1033 2630 e.
1055 2578 1130 2631 ier-ox
1149 2577 1227 2629 armis
1248 2585 1274 2627 et
1293 2577 1369 2627 bello.
1398 2574 1505 2627 Trium·

371 2647 445 2712 pouit
458 2663 539 2713 parua
560 2648 634 2698 initia
647 2649 754 2715 patriam
769 2648 919 2713 fngientium
959 2650 1043 2717 plats
1059 2655 1162 2698 secutus
1181 2654 1270 2711 poetas
1285 2661 1362 2696 ausus
1375 2652 1415 2695 est
1427 2644 1505 2694 etiam

373 2716 493 2781 (caules)
513 2724 540 2768 et
558 2732 674 2783 maguum
692 2718 823 2786 imperium
840 2719 871 2770 ab
885 2719 919 2770 is*
962 2716 1067 2770 Tacitus
1080 2715 1166 2768 Germ.
1181 2731 1204 2766 c.
1216 2716 1259 2766 st.

373 2786 431 2835 dem
445 2787 596 2852 parandum.
1011 2787 1125 2837 45-56.
1146 2784 1279 2851 imperinm
1294 2783 1374 2834 Roma
1389 2781 1506 2849 proierat

425 2856 468 2903 40.
501 2855 613 2905 Priami
635 2855 798 2924 Paridisque
823 2857 917 2908 bacato:
961 2857 987 2906 iu
1007 2863 1136 2906 extremas
1158 2861 1257 2918 terras,
1278 2854 1300 2902 si
1322 2852 1448 2901 domuerit
1468 2852 1506 2900 in·
1583 2885 1591 2897 .

372 2930 497 2973 narrante
518 2923 630 2988 Vergilio
651 2925 729 2988 (Aen.
748 2925 769 2976 ll
792 2926 852 2989 557)
874 2925 919 2975 ob·
961 2926 1065 2992 probam
1084 2923 1140 2974 auri
1159 2923 1301 2988 cupidinem
1317 2922 1433 2971 iustitiae
1446 2935 1505 2969 con·

371 2993 486 3042 truncati
499 2993 594 3042 Priami
607 2993 718 3044 cadauer
734 2994 759 3042 in
771 2994 848 3044 litore
861 3009 918 3060 pro·
961 2994 1079 3044 trarimn.

373 3061 468 3110 ieetum
482 3069 539 3111 est:
561 3061 681 3112 Horatius
693 3077 739 3128 pro
752 3079 797 3114 suo
810 3063 917 3113 consilio
1014 3063 1057 3111 45.
1085 3061 1221 3112 demenda
1239 3060 1310 3109 iate:
1332 3058 1367 3110 ei.
1389 3059 1443 3108 late
1462 3063 1506 3124 ty·
1613 3101 1617 3108 .

373 3130 466 3179 statuit
479 3131 622 3196 sepulcrum
636 3131 761 3182 euenisse.
962 3147 1067 3181 rounam
1085 3129 1118 3180 lli
1139 3130 1168 3179 17
1188 3130 1214 3180 9.
1233 3128 1330 3191 Vergil.
1345 3131 1410 3178 Aen.
1426 3126 1436 3177 1
1454 3126 1502 3177 21:

425 3199 552 3248 tu-ti.
573 3199 636 3249 dum
654 3200 813 3250 Priami-
832 3201 920 3250 celent
958 3199 1092 3265 populum
1114 3200 1171 3249 late
1193 3214 1294 3262 regem.
1323 3197 1430 3262 iungere
1453 3194 1505 3244 uoli

371 3267 497 3316 inuitae:
515 3283 546 3317 ue
560 3267 677 3317 iunonem
692 3268 757 3318 laisa
770 3269 919 3334 praedicen·
963 3269 1171 3330 isimundus,
1189 3267 1232 3317 uei
1244 3268 1275 3316 ob
1288 3268 1335 3316 buc
1347 3266 1414 3331 quod
1425 3265 1505 3314 uerbo

373 3343 425 3384 tem
438 3336 573 3386 induxisse
585 3337 706 3386 uideatur
719 3337 855 3400 Horatius,
871 3338 918 3386 boc
962 3337 1094 3386 mandat
1102 3337 1214 3386 additum
1225 3340 1300 3386 estin
1309 3337 1421 3385 ultimas
1430 3349 1504 3384 crue.

372 3404 435 3453 tolie
454 3419 566 3468 mernor,
582 3404 699 3455 Flaccum
720 3405 744 3453 in
766 3421 853 3456 eorum
874 3421 919 3454 nu·
963 3403 1055 3455 Obiter·
1075 3405 1280 3471 expeditionibus
1301 3404 1409 3467 Augusti
1428 3404 1505 3452 ductu

372 3487 443 3522 mero
469 3472 551 3523 fuisse
575 3475 616 3538 qni
634 3475 696 3524 νέον
709 3465 810 3534 Ἴλιον,
830 3474 918 3524 urbem
962 3483 1007 3523 aut
1020 3474 1141 3540 auspiciis
1161 3482 1221 3523 tuuc
1241 3473 1409 3538 suscipiendis
1428 3488 1506 3522 cucu-

374 3542 438 3592 satis
452 3542 561 3606 amplam
575 3550 601 3592 et
614 3543 644 3592 ad
660 3542 722 3592 litus
739 3543 818 3592 maris
832 3543 917 3606 sitam,
962 3551 1015 3593 tum
1027 3543 1163 3608 promittit.

373 3625 422 3658 uon
436 3626 494 3660 esse
508 3611 625 3675 oppidum
638 3611 669 3661 ab
681 3610 788 3660 Homero
801 3612 919 3676 designa·
1014 3613 1056 3661 46.
1076 3627 1129 3674 quo
1143 3609 1244 3658 medius
1258 3609 1364 3671 liquor:
1378 3606 1441 3656 dicit
1455 3606 1505 3655 ire-

373 3685 426 3728 tum
457 3685 529 3730 reete
560 3679 609 3729 sibi
640 3680 845 3744 persuasisseut3
882 3679 916 3730 ci.
961 3685 1014 3727 tum
1025 3677 1178 3728 Gaditanum
1189 3676 1391 3741 quodEurcpam
1402 3673 1505 3723 etriiri-

374 3745 467 3796 Strabo
480 3745 543 3798 xiil
562 3748 572 3796 l
595 3747 721 3810 §un-27
736 3749 915 3814 penu-595.
962 3762 1017 3797 cam
1030 3745 1155 3795 interluit.

372 3813 471 3864 Eadem
491 3815 624 3880 persuasio
644 3817 732 3866 subest
748 3817 825 3867 etiarn
837 3817 918 3867 uersi·
1012 3813 1057 3863 48.
1077 3828 1131 3877 pua
1144 3811 1266 3882 tumidus
1282 3814 1359 3875 rigat
1371 3826 1441 3860 arua
1454 3809 1505 3860 lu·-

373 3882 421 3933 bus
435 3883 550 3934 57-68.
961 3884 1021 3932 lus:
1040 3897 1097 3932 curn
1116 3879 1188 3930 Nilus
1207 3879 1352 3928 intumescit
1370 3879 1504 3942 (tumidus

424 3952 916 4019 42-43.stetuapttottumsutgens:
961 3951 1014 4016 est)
1036 3958 1063 4000 et
1083 3949 1151 4015 ripas
1174 3949 1320 4011 egreditur,
1341 3963 1405 3997 arua
1425 3948 1503 4011 rigat.

372 4018 460 4083 fulgor
479 4020 601 4085 Capitolii
623 4023 720 4085 signnm
743 4029 783 4072 est
803 4021 918 4076 uictricis
961 4020 1102 4086 Aegyptum
1122 4018 1153 4068 ab
1166 4019 1280 4079 Augusto
1296 4032 1385 4066 recens
1398 4015 1504 4081 imperio

372 4089 457 4152 gentis
471 4096 498 4138 et
510 4091 661 4154 opulentae:
682 4089 763 4156 fuiget
775 4091 843 4140 euim
856 4105 918 4139 auro
962 4089 1113 4154 acquisitam
1128 4093 1203 4153 poeta
1215 4085 1381 4148 significauit.

372 4164 401 4206 et
413 4165 532 4220 argento.
759 4198 762 4206 .
1013 4156 1127 4206 iti-ni.
1148 4170 1292 4205 aarum-
1304 4162 1430 4220 spernere
1440 4155 1506 4218 scr-

425 4226 553 4276 43—44.
574 4228 805 4293 triumphatisque
817 4253 851 4262 -
863 4226 917 4276 Mc·
963 4229 1019 4276 tior
1031 4240 1113 4290 poam
1133 4238 1244 4288 cogere:
1263 4222 1330 4273 inest
1348 4223 1505 4273 conditiona-

373 4292 431 4343 dis:
444 4309 500 4344 eum
514 4294 636 4345 Horatius
650 4297 713 4346 hacc
726 4295 829 4358 cecinit,
844 4309 919 4344 exer-
961 4295 995 4344 lis
1009 4293 1160 4356 significatio
1173 4293 1198 4341 iu
1212 4307 1328 4342 sermone
1341 4291 1454 4356 pedestri
1468 4291 1505 4339 sie

264 4372 267 4381 ¹
373 4360 439 4411 citus
452 4363 612 4414 debellandis
624 4363 727 4414 Parthis
740 4364 848 4427 (Media)
866 4363 919 4412 col·
962 4362 1106 4413 efferenda:
1124 4356 1158 4411 ‘si
1171 4376 1259 4410 aurum
1277 4375 1397 4424 spernere
1414 4359 1509 4408 fortior

372 4429 516 4494 ligabatur,
538 4447 689 4498 quamquam
708 4433 771 4483 haec
790 4431 918 4497 expeditio
962 4433 1013 4480 erit
1026 4447 1099 4496 quam
1120 4424 1228 4492 cogere’.
1248 4427 1371 4478 Nimirum
1391 4427 1446 4476 auri
1467 4426 1505 4474 in-

373 4512 431 4546 mox
456 4500 550 4549 omissa
577 4508 626 4553 est.
659 4501 734 4551 Coni.
760 4499 918 4551 Prooemium
961 4516 1016 4549 mes
1028 4501 1137 4549 aduersa
1149 4505 1191 4549 est
1203 4497 1316 4548 iustitiae
1329 4510 1401 4546 suum
1414 4495 1505 4558 cuique

375 4563 460 4616 Garun.
487 4568 565 4631 135,
593 4569 627 4619 ill
647 4571 671 4620 1.
704 4569 841 4620 Contraria
860 4574 919 4618 sunt
961 4567 1086 4618 tribuenti
1099 4574 1125 4617 et
1137 4566 1288 4617 uindicanti.

376 4637 543 4702 triumphati
565 4635 641 4689 Medi
669 4645 695 4689 ct
718 4637 802 4690 Romo
819 4638 919 4703 saroa,
1013 4637 1057 4686 52.
1077 4651 1156 4686 omae
1171 4651 1299 4686 sucrum:
1317 4615 1436 4699 quiequid
1450 4632 1504 4684 deis
