3884 5525
475 636 538 699 464
967 630 1104 683 uonnru

476 818 509 915 ¹‚5
602 802 760 867 Inachiam
776 808 826 865 ter
840 807 933 866 nocte
947 808 1050 881 potes,
1068 802 1145 864 mibi
1161 816 1284 879 semper
1299 804 1338 865 ad
1354 817 1450 869 ornum

656 916 761 977 mollis
777 928 867 991 opus.
892 919 1000 992 pereat
1015 914 1096 977 male
1111 928 1191 990 quae
1206 917 1238 975 te

520 1112 528 1129 .
605 1068 720 1133 Lesbia
737 1070 901 1145 quaerenti
916 1073 1043 1131 taurum
1057 1066 1249 1131 monstrauit
1264 1064 1408 1147 inertem,

656 1196 727 1243 cum
743 1181 819 1241 mibi
835 1176 921 1242 Cous
937 1181 1063 1242 adesset
1079 1176 1247 1255 Amyntas,

606 1336 697 1397 cuius
713 1335 745 1396 in
761 1334 912 1396 indomito
927 1334 1122 1395 constantior
1137 1332 1267 1408 inguine
1283 1316 1401 1395 neruus

657 1461 751 1522 quam
766 1460 849 1507 noua
866 1444 997 1507 collibus
1013 1445 1107 1506 arbor
1121 1444 1274 1505 inbaeret.

589 1577 777 1666 muricibus
793 1598 904 1676 Tyriis
919 1600 1052 1660 iteratae
1067 1566 1185 1659 uellera
1201 1598 1292 1659 lanae

464 1722 468 1733 ·
558 1786 562 1794 1
659 1712 710 1773 cul
726 1711 993 1788 properabantur‘l
1008 1710 1065 1770 tibi
1080 1722 1202 1786 nempe,

608 1882 648 1927 ne
664 1866 746 1928 toret
761 1865 902 1941 aequalis
918 1865 1002 1925 inter
1017 1863 1162 1939 conuiua,
1180 1863 1282 1939 magis
1298 1878 1389 1939 quem

661 1978 805 2053 diligeret
820 1976 933 2058 mulier
947 1989 1004 2036 sua
1022 1988 1113 2051 quam
1130 1978 1173 2036 te.
1298 1980 1302 1985 “

470 2141 512 2191 ‘ro
606 2142 699 2205 ocgo
715 2144 777 2191 non
794 2128 882 2205 telin,
899 2142 993 2203 uuam
1007 2130 1043 2188 tu
1059 2086 1195 2203 rugosus
1209 2130 1303 2203 pauet
1317 2126 1400 2187 acris

606 2266 616 2297 t
660 2254 743 2316 agna
757 2240 848 2316 lupos
864 2252 1055 2315 capreaeque
1070 2230 1200 2301 leones'.

498 2430 592 2478 .16.
613 2429 749 2495 ροιζ-Α.
865 2428 907 2478 16.
927 2442 975 2493 qne
988 2428 1022 2479 A.
1143 2427 1183 2477 18.
1204 2427 1282 2477 cbons
1295 2425 1358 2490 BH,
1377 2440 1430 2475 aee
1442 2424 1516 2491 ASg.

480 2532 678 2596 amintesBllg.
804 2531 843 2579 19.
865 2530 890 2581 in
910 2531 999 2582 omB.
1081 2508 1184 2595 limg'ine
1197 2531 1232 2581 A.
1356 2529 1398 2578 26.
1418 2528 1606 2595 iuberetBllg,

480 2603 505 2651 in
518 2603 592 2651 beret
605 2600 634 2650 S.
741 2599 785 2649 21.
803 2599 870 2651 tiriis
880 2600 909 2651 S.
1015 2598 1058 2650 22.
1078 2599 1279 2667 properabuntur
1289 2598 1572 2664 genaedtaedtntus.

480 2671 523 2720 23.
544 2669 660 2734 aequalis
673 2668 723 2719 Ait
731 2704 738 2732 ‚
764 2669 864 2733 equalis
877 2670 934 2733 Bg:
961 2668 1084 2733 aequales
1096 2668 1124 2719 S.
1205 2667 1326 2717 conuiuia
1339 2668 1371 2717 H.
1495 2666 1538 2717 25.
1559 2682 1608 2717 non

480 2740 544 2790 lelix
563 2736 713 2803 Abasgoi:
745 2737 837 2788 infelix
854 2755 871 2799 ς
891 2738 1036 2790 eburicius
1052 2754 1081 2804 p.
1101 2737 1146 2787 131
1172 2740 1291 2788 incertae
1317 2740 1415 2788 auctor
1431 2736 1611 2804 Ee‘cbenseldr's'

479 2809 573 2875 (Anat.
586 2822 630 2874 gr.
643 2824 672 2874 p.
684 2806 743 2872 112)
755 2808 768 2872 5
781 2808 840 2858 182.
916 2808 986 2858 aeris
1000 2807 1089 2873 AHSg
1102 2807 1193 2874 (gper
1205 2807 1320 2873 eomp.).·
1340 2821 1414 2857 acres
1426 2807 1459 2858 B.

534 3015 658 3064 16-11.
687 3019 787 3079 pereat
807 3013 879 3063 male
903 3029 973 3080 qaae
997 3019 1023 3064 te
1117 3015 1160 3064 24.
1179 3013 1278 3064 multer
1291 3027 1358 3062 raa:
1377 3019 1448 3063 ceste
1467 3011 1536 3076 loqui
1555 3018 1610 3061 stn-

480 3083 595 3133 Leebia:
614 3084 731 3135 imitator
751 3083 842 3132 iratam
855 3090 882 3132 et
895 3082 921 3131 in
934 3082 1023 3132 uerbis
1066 3083 1118 3145 det,
1133 3097 1188 3132 com
1202 3098 1229 3136 se
1243 3082 1374 3132 mulierem
1386 3083 1495 3131 unientis
1505 3080 1607 3144 oblique

479 3151 809 3202 serendisincuriosiorem.
823 3151 1021 3202 Structuraest:
1065 3151 1187 3202 nominat.
1216 3150 1297 3200 Simul
1318 3151 1412 3214 ingerit
1433 3147 1607 3200 huiuscemodi

475 3225 574 3284 pereat
586 3221 657 3268 maie
670 3220 767 3268 Lesbia
775 3255 783 3280 ‚
799 3233 868 3283 quae
880 3223 1025 3284 quaerenti
1065 3219 1226 3271 conditiones
1239 3221 1314 3282 uulgo
1329 3218 1398 3268 iniri.

478 3288 564 3350 (mibi)
590 3293 700 3336 taurum
731 3291 758 3335 te
787 3291 956 3336 monstrauit
981 3291 1023 3337 in·
1118 3288 1160 3337 26.
1181 3304 1233 3337 non
1240 3289 1333 3354 seila:
1352 3289 1389 3337 sie
1408 3287 1496 3353 optimi
1510 3285 1569 3335 libri
1581 3293 1607 3336 et

479 3361 573 3404 erlem.
1065 3355 1115 3406 mei
1128 3371 1231 3406 omnes:
1251 3364 1368 3407 recentes
1387 3363 1414 3406 et
1430 3371 1462 3406 ex
1482 3369 1607 3418 gramma-

532 3423 573 3472 ti.
593 3425 726 3471 inertem.-
739 3419 782 3486 qui
797 3421 859 3470 nibil
873 3421 952 3473 hebes
965 3423 1021 3474 eius
1065 3426 1123 3475 licis
1137 3425 1252 3475 nonnulli
1267 3425 1411 3488 (Charisius
1423 3425 1440 3474 l.
1451 3440 1486 3487 c.‚
1500 3423 1606 3474 Seruius

430 3489 438 3498 ’
478 3492 610 3542 sollertiae
623 3505 697 3555 quem
710 3490 823 3555 speraui.
1065 3495 1096 3544 de
1109 3494 1207 3544 ultionis
1218 3494 1325 3561 syllabis
1338 3510 1361 3559 p.
1373 3494 1449 3556 1802,
1463 3492 1606 3544 Martianus

531 3560 654 3611 is—ao.
675 3558 743 3608 llaec
762 3559 834 3608 addit
852 3575 883 3610 ne
903 3561 1022 3625 opinetur
1066 3562 1170 3627 Capella
1184 3580 1207 3629 p.
1220 3565 1269 3625 61,
1284 3579 1347 3627 quos
1360 3562 1451 3613 citauit
1464 3561 1606 3624 Bentleius)

477 3629 600 3680 lloratios
613 3645 640 3678 sc
649 3629 759 3678 ascitum
769 3643 837 3690 esse,
848 3629 914 3694 qnod
923 3631 1020 3680 sollers
1064 3633 1179 3696 infelice:
1198 3632 1243 3682 sed
1263 3633 1309 3680 boc
1322 3632 1413 3682 muller
1425 3632 1480 3697 ipso
1494 3631 1545 3680 dici
1559 3647 1605 3680 non

477 3707 578 3750 amator
599 3698 675 3748 diuiti
696 3697 798 3748 mulieri
820 3698 932 3748 deesset.
961 3698 1022 3749 Por·
1064 3700 1162 3762 uoluit,
1183 3699 1324 3750 setislelin
1337 3700 1446 3762 diuitiis,
1462 3700 1605 3762 nobilitate,

476 3769 600 3836 phyriona
620 3762 688 3817 ‘cum
709 3781 758 3816 uon
776 3767 880 3817 deesset
897 3767 958 3817 mibi
979 3783 1022 3817 sa·
1066 3768 1196 3831 doctrino,
1220 3770 1264 3818 sed
1288 3785 1341 3832 noa
1357 3770 1449 3834 felia,
1472 3769 1536 3833 quod
1561 3784 1606 3834 pro

476 3831 617 3903 gecissimi’
638 3836 733 3901 (scribe
755 3835 928 3899 salacissims)
949 3831 1022 3886 ‘ado·
1065 3845 1138 3888 tauro
1158 3852 1275 3902 cupreum
1295 3844 1431 3888 nactnest.
1453 3836 1607 3888 Grammati-

477 3908 599 3956 lescentis
611 3900 732 3955 occasio'.
785 3919 858 3953 nona
873 3932 905 3942 -
918 3904 1020 3954 arbor:
1064 3922 1109 3956 ens
1130 3921 1270 3974 anonymus
1286 3905 1459 3956 Eichenfeldii
1477 3913 1504 3956 et
1517 3905 1607 3956 llndli·

477 3975 592 4024 arborem
606 3990 662 4023 esse
674 3977 761 4023 uitem
773 3988 862 4022 nomen
878 3974 1020 4039 proximum
1064 3975 1134 4024 ebeni
1153 3973 1389 4038 (Anal.gr.112):
1410 3989 1486 4024 nemo
1505 3975 1573 4024 dicit
1591 3991 1606 4024 o
1714 3971 1740 4024 ,ζ

476 4044 591 4092 collibus
604 4043 718 4092 indicat:
738 4057 838 4090 nouam
851 4043 966 4091 arborem
981 4042 1021 4092 di·
1065 4057 1112 4110 ego
1119 4081 1127 4106 ,
1142 4047 1198 4092 nisi
1209 4060 1224 4093 o
1237 4045 1404 4094 exclamatio
1417 4045 1469 4107 rit,
1489 4049 1522 4093 at
1532 4044 1607 4110 apud

475 4112 525 4171 xit,
539 4118 567 4161 ut
579 4126 635 4160 eum
646 4110 798 4160 firmitudine
809 4110 934 4178 Amyntae
943 4111 1020 4160 simul
1063 4113 1209 4163 Horatium
1223 4129 1240 4162 e
1252 4129 1300 4179 ego
1312 4113 1421 4178 infelice.

476 4181 606 4229 iuuentam
620 4180 675 4228 eius
688 4179 834 4229 extolleret.
1115 4183 1158 4231 26.
1183 4197 1256 4246 agno
1278 4183 1369 4247 lupos:
1395 4181 1454 4230 dnm
1474 4178 1607 4230 Horatium

528 4247 571 4298 21.
598 4251 718 4298 iteratae
734 4248 841 4297 uellera
860 4248 955 4297 lanae:
976 4264 1020 4298 ue-
1063 4265 1118 4299 enm
1132 4265 1207 4314 agna,
1221 4265 1278 4300 mox
1291 4265 1347 4300 eum
1360 4263 1453 4314 caprea
1465 4255 1606 4313 comparat,

475 4322 529 4366 stes
554 4331 665 4382 purpura
689 4316 728 4366 bis
750 4316 846 4366 tinctae
869 4315 1019 4382 (61βαῳα),
1064 4333 1111 4368 non
1132 4319 1213 4369 solum
1233 4334 1352 4384 pauorem
1372 4320 1444 4381 eins,
1464 4318 1607 4368 sedetiam

474 4385 509 4436 cl.
525 4384 546 4436 li
563 4385 595 4436 16
608 4387 650 4435 35.
1063 4385 1217 4437 imbecillam
1232 4395 1350 4438 naturam
1364 4387 1538 4453 reprehendit.

527 4455 571 4504 22.
601 4455 653 4504 tibi
674 4469 783 4519 aenrpe:
806 4451 862 4518 fic'r
884 4451 961 4515 dict,
983 4451 1018 4517 ja
1062 4459 1150 4572 gertr:
1170 4469 1259 4521 magno
1279 4457 1363 4506 animo
1383 4457 1415 4506 ad
1435 4455 1544 4522 quoduis
1563 4470 1608 4506 au-

476 4524 557 4576 wool.
1080 4523 1180 4572 endum.
