3884 5525
987 862 1065 926 1111.

671 1016 804 1101 Qualem
819 1015 999 1077 ministrum
1014 1012 1155 1075 bdmlnis
1170 1012 1286 1086 alitem,

670 1130 722 1192 oui
737 1140 794 1190 rex
810 1127 940 1189 deorum
954 1139 1087 1202 regnum
1103 1125 1137 1186 ln
1151 1124 1221 1185 amo
1238 1136 1337 1199 uagas

671 1239 814 1317 permisit
829 1242 979 1315 expertus
994 1236 1116 1297 ddelem

670 1346 809 1427 luppiter
823 1350 856 1411 ln
872 1346 1055 1426 Ganymede
1070 1347 1163 1422 dano,
1221 1363 1225 1369 ·

530 1522 570 1574 nd
582 1524 670 1575 urbem
684 1521 819 1573 Romanam
840 1522 870 1571 de
890 1520 969 1571 indoli
982 1519 1042 1585 (eie)
1062 1519 1163 1570 ducum.
1192 1514 1391 1581 prosphonetico
1410 1511 1596 1564 encomiastice

462 1593 611 1645 tetracolos.
636 1590 743 1643 Metram
757 1596 808 1641 cot.
822 1591 856 1640 A.
962 1588 988 1638 in
1002 1588 1073 1638 drusi
1092 1587 1196 1637 neronis
1208 1586 1331 1636 uirtutem
1349 1584 1381 1633 ad
1394 1582 1481 1632 arbem
1494 1595 1595 1631 romam

464 1663 496 1715 B.
604 1660 630 1711 ln
643 1660 738 1711 Durusi
752 1658 860 1711 Neronis
873 1658 1004 1709 uirtutem.
1029 1658 1067 1708 Ad
1080 1656 1167 1706 urbem
1180 1654 1317 1705 Romanum
1329 1653 1364 1703 tt.

534 1730 558 1780 l.
577 1730 662 1780 nalem
677 1728 707 1780 d.
813 1728 838 1777 2.
859 1727 969 1777 auisA:
989 1725 1164 1790 auesBGHg.
1268 1723 1294 1771 4.
1312 1718 1475 1787 iuppiter-A:
1494 1717 1598 1783 iupiter

427 1804 434 1813 '
451 1794 564 1865 'nunu
633 1797 774 1865 ganymede
788 1796 827 1862 (b.
839 1812 861 1845 e.
877 1794 1041 1862 ganiymede)
1055 1795 1088 1859 A,
1108 1792 1241 1859 ganimede
1255 1790 1356 1856 BGHg.
1667 1798 1671 1804 ’

517 1952 668 2009 Carmllll.
682 1956 852 2008 Prooemium.
863 1954 1007 2022 lici-asoa-
1048 1952 1109 2004 libri
1130 1966 1233 2002 carmen
1250 1950 1369 2001 uidimus.
1396 1948 1485 2013 ltaque
1501 1962 1597 1997 munus

465 2047 582 2099 mum-„0
599 2052 627 2097 „t
644 2050 746 2113 optimo
765 2046 878 2097 comm-0
897 2046 1007 2097 pyrum,
1049 2022 1200 2073 aSuetouio
1219 2027 1385 2071 memoratum
1405 2017 1598 2098 anteadultum

1049 2106 1142 2142 aunum
1161 2090 1210 2140 741
1231 2088 1324 2139 Flacco
1344 2088 1442 2138 Caesar
1465 2101 1597 2152 imponere

464 2143 591 2187 cateruas
625 2135 773 2187 Raetorum
804 2135 1007 2187 Vindelicorum
1050 2160 1209 2226 immutuit:
1230 2174 1286 2207 nam
1306 2157 1445 2223 principem
1463 2164 1598 2205 amns,

464 2228 519 2277 late
530 2228 661 2276 uictrices
675 2224 757 2276 celeri
772 2228 884 2276 incursu
898 2219 1007 2292 oppres·
1048 2228 1157 2279 marinis
1176 2226 1316 2293 prouinciis
1336 2226 1367 2276 de
1383 2225 1423 2275 bis
1436 2223 1597 2274 carminibus

462 2319 511 2366 ηε,
528 2314 646 2366 consilia
660 2314 814 2366 00101330072,
828 2319 953 2381 egregpm
966 2315 1008 2366 pp.
1049 2299 1154 2379 litteras
1168 2297 1200 2346 ad
1213 2304 1313 2362 poetam
1328 2294 1430 2344 misisse
1443 2293 1509 2343 iusto
1520 2292 1596 2342 credi

992 2408 997 2419 .
1050 2373 1146 2432 neqmt.
1169 2365 1195 2415 ln
1215 2365 1277 2415 urbe
1296 2363 1395 2413 demam
1413 2376 1469 2411 eam
1488 2362 1596 2410 obrem

464 2406 533 2459 dicit
553 2408 582 2455 iu
602 2404 680 2454 domo
697 2405 819 2470 Augusti
837 2411 909 2455 recte
927 2408 1008 2455 inett-
1050 2452 1107 2487 cum
1118 2434 1223 2484 nomio
1235 2433 1320 2497 egisse
1332 2431 1470 2498 principem
1483 2436 1534 2480 um
1548 2444 1599 2496 W

465 2494 949 2567 wivnsvriiiudinssmssssnll'ssim
961 2495 1007 2545 11⁰·
1051 2521 1078 2555 se
1100 2503 1243 2553 uerisimile
1264 2507 1304 2552 est
1323 2516 1398 2566 qaam
1419 2515 1452 2549 ex
1471 2498 1598 2549 subiectis

465 2600 529 2635 num
544 2589 682 2651 tamquam
702 2583 869 2635 hereditario
884 2588 1010 2635 inroret·
1052 2573 1167 2623 3¹1⁰&ssst
1196 2571 1284 2621 11772ῑῦ
1313 2576 1434 2636 ”limis
1465 2569 1521 2618 ‘¹5⁰⁰
1547 2567 1596 2617 illst

466 2674 539 2738 iulii,
556 2688 637 2739 quom
649 2678 781 2725 uirtutem
797 2674 918 2724 Claudiis
933 2677 1009 2741 inge·
1050 2657 1163 2724 “miii‘’
1182 2643 1303 2723 ⁰⁰⁶3&
1313 2644 1430 2703 ''mie''
1442 2639 1492 2687 Μ
1505 2638 1597 2687 Μὸω

1051 2724 1201 2759 carminum
1214 2709 1291 2759 librae
1300 2736 1332 2744 -
1341 2712 1472 2772 quartum
1481 2704 1595 2757 addere.

465 2771 554 2816 'iiiam
579 2765 642 2815 ⁰l2'm
663 2763 800 2816 Hannibal
823 2769 850 2815 ei
872 2769 957 2816 mliii
982 2770 1010 2816 ⁰²
1051 2779 1157 2829 Scilicet
1169 2779 1217 2827 duo
1230 2777 1370 2843 postulauit
1382 2778 1527 2841 Augustus,
1542 2773 1596 2842 pri-

462 2856 645 2924 praadieauid.
660 2853 778 2920 (Metram
792 2853 936 2918 Aloaicum)
1050 2863 1117 2897 mum
1130 2853 1159 2897 ut
1170 2846 1289 2896 lioratius
1303 2845 1412 2895 Drusum
1426 2851 1451 2896 et
1462 2843 1595 2894 Tiberium

1051 2922 1166 2980 caneret,
1186 2923 1238 2965 tum
1251 2923 1279 2965 ut
1293 2915 1354 2964 illae
1368 2914 1456 2964 laudes
1470 2929 1519 2963 non
1531 2913 1597 2962 soli-

518 2983 645 3050 Scriptum
658 2992 698 3034 est
711 2984 757 3034 boc
770 2998 871 3033 carmen
890 2981 916 3030 in
931 2981 1009 3031 Drusi
1051 2986 1136 3035 cariae
1149 2984 1384 3045 circumierrenlur,
1400 2983 1442 3032 sed
1456 2997 1511 3031 cum
1525 2989 1597 3032 cete·

464 3054 580 3116 laudem,
601 3059 718 3118 quartum
731 3052 856 3102 decimum
869 3051 894 3100 iu
908 3049 1008 3100 Tiberii
1050 3053 1086 3103 ris
1105 3053 1161 3102 odis
1180 3059 1238 3118 post
1256 3059 1310 3102 tres
1330 3051 1411 3101 libros
1431 3059 1490 3101 aute
1510 3051 1595 3101 editos

464 3123 583 3171 bonorem
604 3135 670 3170 anno
690 3121 736 3168 741
758 3117 1005 3182 ue1742(a.ctr.
1049 3121 1124 3185 (735)
1149 3121 1250 3171 iuterim
1275 3120 1391 3171 subnatis
1415 3128 1504 3185 quarto
1526 3119 1595 3168 libro

466 3190 496 3239 13
510 3189 552 3238 uel
571 3187 626 3252 12).
652 3187 708 3252 ipsa
727 3188 828 3252 quidem
845 3187 956 3236 uictoria
976 3188 1007 3237 de
1050 3190 1227 3254 iungerentur,
1238 3190 1342 3256 sicplus
1355 3191 1454 3252 gratiae
1467 3195 1494 3238 et
1506 3195 1596 3238 aucto-

456 3255 551 3306 ·liaetis
569 3254 760 3319 Vindelicisqne
779 3269 845 3304 anno
863 3255 936 3304 urbis
958 3255 1007 3304 739
1050 3259 1135 3308 ritatis
1165 3259 1308 3308 habiturae.
1346 3258 1411 3308 lliue
1434 3257 1602 3320 intellegitur

464 3324 505 3374 uel
519 3330 577 3373 anta
591 3323 653 3403 Cbr3
667 3337 732 3402 euno
755 3323 785 3402 lb
805 3330 879 3388 parta
892 3331 932 3373 est
945 3323 1006 3387 (Dio
1050 3327 1129 3377 Drusi
1152 3335 1178 3377 et
1197 3325 1296 3378 Tiberii
1316 3327 1407 3378 laudea
1427 3333 1484 3392 post
1505 3333 1595 3376 cetere

464 3391 533 3442 Lllli
552 3391 600 3455 22,
624 3390 714 3440 Lrurus
732 3391 811 3457 Eprt.
826 3391 890 3455 136,
915 3391 1008 3442 Florus
1050 3396 1165 3446 carmina
1182 3396 1242 3446 libri
1263 3396 1347 3462 quarti
1367 3397 1518 3462 compositus
1536 3409 1594 3444 esse

380 3522 384 3528 ,
464 3459 585 3511 1141124
605 3459 660 3509 siue
681 3459 702 3508 ll
722 3459 771 3523 22,
794 3459 891 3510 Plinius
904 3459 960 3511 ΝΗ.
975 3461 1007 3512 lli
1051 3472 1077 3515 et
1096 3466 1211 3527 Augusto
1230 3473 1335 3530 rogante
1354 3472 1430 3514 unum
1448 3479 1540 3528 eorpus
1561 3478 1595 3513 ex

464 3530 496 3582 24
510 3528 577 3594 (20),
596 3527 733 3578 Suetonius
746 3527 804 3578 Tib.
819 3545 841 3578 c.
853 3529 878 3591 9,
893 3529 1008 3579 Velleius
1050 3533 1090 3583 bis
1104 3534 1202 3583 duabus
1215 3535 1271 3583 odis
1282 3541 1309 3584 et
1323 3535 1430 3598 reliquis
1448 3531 1594 3583 coniectum

464 3597 486 3649 li
506 3599 539 3648 95
560 3605 586 3647 et
605 3597 652 3658 39,
672 3596 765 3647 Strabo
779 3596 823 3647 llll
839 3599 854 3648 6
868 3598 881 3662 ξ
893 3598 937 3662 9),
960 3600 1005 3648 sed
1049 3618 1116 3652 esse.
1137 3601 1176 3652 lix
1189 3603 1295 3668 reliquis
1309 3610 1392 3652 autem
1406 3616 1507 3651 carmen
1520 3601 1595 3666 quiu-

464 3667 596 3718 Horatium
618 3682 665 3716 noa
689 3667 777 3716 statim
798 3666 829 3717 ad
852 3667 942 3718 laudes
963 3683 1007 3717 ac·
1048 3678 1102 3720 tum
1122 3671 1245 3721 decimum
1264 3671 1349 3720 altera
1365 3678 1439 3736 parte
1457 3670 1517 3719 anui
1531 3670 1592 3732 741,

463 3736 573 3787 cessisse
592 3735 650 3785 bine
669 3743 790 3802 apparet,
811 3736 875 3801 qaod
891 3735 1006 3801 Augusto
1049 3740 1163 3804 quintum
1182 3746 1208 3789 et
1225 3739 1361 3788 secuudum
1379 3739 1509 3804 prioribus
1525 3738 1594 3788 eiua·

463 3812 569 3868 rogante
589 3803 720 3854 Raeticum
740 3812 766 3854 et
779 3803 937 3855 Vindelicum
954 3806 1007 3855 cla·
1049 3809 1106 3857 dem
1118 3808 1178 3858 anui
1196 3807 1324 3856 mensibus
1343 3806 1411 3871 iacta
1430 3813 1503 3870 sunt,
1526 3807 1592 3856 unde

463 3873 520 3923 dem
534 3873 636 3924 cecinit.
657 3873 794 3923 Suetonius
814 3874 839 3923 iu
859 3875 914 3924 uita
927 3873 1007 3924 Hora·
1049 3876 1212 3941 consequitur
1233 3875 1344 3924 carmina
1367 3874 1447 3922 totius
1467 3874 1529 3923 libri
1548 3891 1593 3940 po-

463 3943 507 3991 tii:
529 3945 634 4007 scripto
654 3942 761 4005 quidem
775 3945 831 3991 eius
845 3959 928 4010 usquo
940 3943 1006 3992 adeo
1049 3951 1160 4004 simma,
1178 3943 1234 3992 dico
1247 3943 1294 3992 boe
1307 3947 1423 4005 quartum
1436 3949 1463 3992 et
1475 3951 1593 4006 quartum

460 4011 595 4076 probauit
604 4009 758 4073 (Augustus)
770 4037 812 4073 —‚
823 4016 854 4060 ut
864 4027 917 4060 non
926 4011 1006 4060 modo
1050 4012 1189 4074 decimum,
1209 4026 1257 4059 non
1277 4017 1336 4058 aute
1354 4009 1450 4059 exitum
1467 4012 1529 4074 aopi
1542 4012 1590 4061 741

463 4079 610 4128 Saeculum
624 4093 731 4128 carmen
745 4079 1008 4144 componendarum·
1049 4081 1200 4130 necessisse.
1229 4077 1315 4127 Prima
1337 4077 1397 4126 libri
1422 4079 1508 4144 quarti
1532 4095 1593 4144 poe-

462 4149 602 4208 iunxerit,
623 4147 671 4196 sod
689 4151 719 4195 et
733 4147 900 4198 Vindelicum
920 4150 1006 4196 uicto·
1047 4156 1132 4210 mata,
1153 4146 1301 4196 nominatim
1320 4145 1423 4196 tertium
1441 4155 1468 4197 et
1480 4156 1592 4212 sextum,

462 4218 536 4266 αιάαι
551 4213 653 4264 Tiberii
664 4216 802 4280 Drusique
814 4219 1004 4280 privignorum
1047 4231 1104 4266 cum
1121 4215 1235 4281 proxime
1255 4221 1314 4265 aute
1334 4222 1361 4264 et
1381 4223 1438 4281 post
1451 4215 1593 4267 Saeculare

462 4298 589 4346 suorum,
616 4298 727 4349 eumque
749 4288 870 4347 coegerit
890 4287 1005 4346 propter
1048 4299 1150 4334 carmen
1170 4289 1232 4333 nata
1256 4283 1322 4344 siut,
1342 4283 1367 4332 b.
1387 4299 1412 4333 e.
1438 4300 1503 4334 anno
1528 4285 1592 4349 737,

463 4353 513 4402 boe
526 4353 612 4401 tribue
622 4355 772 4402 cariniuum
786 4352 862 4400 libris
875 4366 910 4398 ec·
923 4351 1004 4414 longo
1047 4359 1164 4417 quartum
1181 4350 1274 4400 librum
1294 4351 1368 4401 annis
1388 4353 1533 4404 737-741
1554 4353 1594 4403 ie·

462 4421 611 4470 interuallo
633 4426 762 4485 quartum
783 4418 891 4468 addere.
919 4419 1006 4480 bugu·
1046 4428 1114 4469 ctum
1127 4427 1154 4469 et
1166 4419 1212 4468 sub
1225 4420 1378 4485 principium
1391 4421 1451 4471 anni
1463 4421 1512 4471 742
1523 4429 1594 4472 cete·

462 4496 517 4538 stus
531 4495 615 4538 autem
629 4489 659 4536 ab
674 4503 738 4536 anno
753 4485 802 4535 739
815 4501 894 4550 usqne
908 4486 939 4534 ad
951 4501 1004 4534 me·
1047 4487 1083 4537 ris
1096 4488 1210 4538 additum
1224 4503 1280 4538 esse
1293 4489 1383 4553 liquet.

462 4557 529 4604 dium
543 4557 589 4605 741
606 4558 630 4605 in
644 4554 743 4622 Galliae
759 4562 784 4603 et
799 4553 935 4618 Hispaniae
950 4562 1003 4604 ter·
1101 4557 1205 4606 1-28.
1232 4556 1330 4620 ingenti
1348 4557 1433 4607 elatus
1453 4557 1547 4624 spiritu
1565 4566 1594 4608 et

463 4623 497 4672 ris
511 4632 628 4673 uersutus
641 4629 690 4685 est,
700 4629 727 4671 ut
738 4623 769 4671 ad
780 4623 917 4672 secuudum
929 4623 1003 4672 baius
1047 4625 1120 4690 quasi
1139 4626 1261 4692 abreptus
1279 4625 1448 4676 admiratione
1468 4641 1553 4676 rerum
1566 4627 1593 4676 in
