3884 5525
964 629 1102 682 uhhhhll

675 802 784 863 tristes
800 804 835 862 ut
849 800 927 875 irae,
944 815 1023 875 paras
1039 815 1139 876 nepae
1154 798 1291 862 Noricus
1310 829 1315 836 ·

674 913 811 973 deterret
826 912 911 972 ensis
926 927 984 972 nec
1000 925 1086 974 mare
1102 911 1290 986 naufragum

677 1039 734 1084 nec
750 1037 866 1084 saeuus
880 1023 964 1099 ignis
981 1039 1038 1084 nec
1053 1023 1213 1084 tremendo

676 1130 815 1210 luppiter
830 1135 896 1209 ipsc
912 1147 1007 1196 rums
1022 1133 1170 1196 tumultu.

678 1288 780 1349 tertur
795 1285 999 1350 Prometheus
1016 1287 1127 1350 altere
1143 1289 1275 1364 principi

677 1399 751 1460 limo
766 1403 893 1465 coactus
907 1399 1093 1474 particulam
1109 1400 1245 1475 undique
1306 1390 1309 1395 ’

676 1510 831 1570 desectam
846 1513 878 1570 et
892 1510 996 1570 insani
1011 1509 1111 1572 leonis

676 1621 742 1682 uim
758 1620 917 1681 stomacho
932 1609 1116 1696 apposuisse
1132 1625 1251 1686 nostro.

677 1775 743 1835 lrac
757 1771 920 1850 Thyesten
935 1774 1139 1869 exitio-graui

679 1889 821 1947 strauere
836 1884 957 1946 staltis
972 1885 1102 1948 urbibus
1118 1873 1246 1948 ultimae

541 2041 581 2090 lo.
602 2039 688 2091 heusis
701 2041 734 2090 H.
843 2038 885 2090 11.
905 2054 982 2089 senus
998 2039 1052 2090 Gli.
1158 2041 1199 2092 12.
1220 2039 1433 2107 luppitcrAGH:
1456 2041 1551 2108 lupiter
1563 2045 1597 2094 B.

575 2110 617 2160 ll.
636 2108 724 2174 undiq,
738 2107 762 2158 rl
773 2110 813 2171 A,
833 2108 930 2158 desunt
942 2124 990 2158 uu.
1002 2108 1113 2158 12-28.
1221 2111 1262 2160 17.
1283 2112 1408 2177 thyestam
1422 2112 1459 2174 H,
1480 2113 1598 2179 tyhcsteu

469 2178 639 2299 {vahieitgu
654 2176 686 2228 G.
757 2177 840 2228 exicio
851 2177 910 2230 nli.
1020 2177 1130 2228 18—20.
1151 2185 1177 2230 et
1190 2179 1252 2230 altis
1265 2206 1296 2218 -
1311 2179 1425 2230 funditus
1438 2181 1600 2232 Priscianus

509 2410 548 2462 ’9.
572 2413 667 2461 tristes
687 2415 719 2460 ut
738 2413 798 2460 irae
820 2410 1013 2475 (wicfiustere
1110 2409 1235 2460 13-14,
1264 2413 1386 2476 principi
1408 2410 1490 2460 limo:
1531 2412 1599 2462 unte

379 2522 383 2528 .
470 2478 758 2545 Zama-Reguageu):
779 2480 907 2530 echonem
926 2480 1013 2530 iuhuc
1056 2480 1130 2530 hamo
1148 2487 1276 2545 tamquam
1294 2479 1496 2546 primamaterie
1515 2478 1600 2530 iaetus
1706 2479 1708 2483 ’
1754 2457 1755 2460 ¹

470 2549 583 2600 carmine
600 2548 778 2612 grauissimam
796 2557 928 2615 postquem
941 2550 1014 2600 uarie
1056 2555 1105 2599 cst.
1118 2545 1601 2614 lnPandoraeSophoeleucfragmento

470 2618 652 2685 praeparauit,
687 2618 808 2668 sollerter
833 2619 859 2668 iu
889 2618 1013 2684 principio
1058 2633 1106 2668 uon
1142 2625 1212 2676 recto
1243 2617 1386 2668 Huschlrius
1427 2617 1470 2680 (de
1500 2618 1599 2668 Archil.

471 2701 553 2739 nouae
577 2687 696 2751 strophae
725 2687 811 2752 posuit
841 2701 871 2736 sc
895 2687 1014 2752 deinceps
1057 2703 1081 2753 p.
1103 2685 1193 2749 CCVl)
1223 2686 1361 2752 temptauit
1391 2679 1478 2752 ἀρχὸν
1501 2681 1599 2750 πηλόν,

471 2756 596 2822 usquead
608 2755 683 2805 finem
695 2756 815 2821 strophae
829 2756 909 2819 largis
922 2756 1015 2807 colori·
1059 2755 1161 2806 felicius
1175 2755 1315 2807 Bruuclrins
1328 2749 1415 2823 ἀργὸν
1427 2749 1523 2819 πηλόν,
1539 2755 1599 2821 Ιιζο.

471 2826 519 2876 hus
537 2826 648 2875 ornauit.
726 2829 836 2876 tristes.-
860 2841 926 2891 quae
944 2826 1014 2876 tristi
1058 2825 1152 2875 limum
1165 2842 1216 2875 nou
1229 2827 1380 2889 subactum,
1402 2840 1446 2890 pro
1460 2816 1547 2895 ἄρχον
1559 2826 1601 2877 uel

471 2895 555 2945 auimo
567 2894 771 2960 proficiscuntur.
1057 2889 1161 2961 ἄρχων.

523 2980 579 3028 9-
589 2978 631 3028 12.
651 2994 719 3044 quac
731 2995 816 3044 neque
828 3007 861 3017 -
876 2980 1014 3030 tumultu:
1112 2979 1222 3027 14-15.
1237 2979 1512 3045 undiquedccectam:
1523 2980 1601 3031 undi-

470 3052 601 3097 irassuas
613 3055 689 3112 poeta
701 3047 807 3112 primum
818 3048 855 3097 sie
865 3055 974 3098 excusat
987 3054 1016 3098 nt
1059 3063 1109 3112 que
1122 3063 1169 3112 quo
1183 3046 1343 3097 referendum
1358 3049 1401 3113 sit,
1416 3055 1488 3114 putet
1500 3065 1533 3099 eu
1546 3065 1603 3113 pro-

471 3115 598 3177 afflrmet‚
618 3116 682 3163 hauc
695 3130 752 3164 essa
766 3123 883 3165 naturum
897 3118 967 3179 irae,
988 3123 1016 3165 ut
1057 3115 1132 3165 ximis
1146 3121 1174 3165 et
1186 3118 1279 3165 irascat
1290 3118 1373 3181 leonis
1387 3125 1437 3169 cet.
1463 3116 1511 3168 Est
1522 3118 1603 3183 igitur

471 3184 542 3236 nulia
556 3183 592 3245 ui,
612 3183 681 3232 nullo
694 3189 793 3233 terrore
807 3184 910 3247 reprimi
921 3186 1014 3250 possit.
1058 3199 1094 3232 ea
1107 3188 1182 3235 omui
1192 3186 1351 3236 animalium
1362 3202 1470 3251 genere.

523 3266 629 3316 9-10.
655 3265 774 3316 Noricus
791 3294 827 3305 -
846 3271 934 3317 ensis.-
950 3263 1017 3318 ‘em·
1049 3327 1051 3333 Ι
1076 3262 1084 3281 “
1113 3268 1224 3321 15-16,
1244 3272 1603 3321 clinsauilcoaa'cua‘mset

470 3334 558 3403 phasis
571 3341 625 3395 est,
645 3334 670 3384 in
689 3333 752 3399 ipsis
762 3335 831 3384 venim
844 3335 907 3385 locis
920 3344 946 3386 et
957 3352 1017 3402 pro·
1057 3336 1128 3387 ualet
1141 3341 1241 3401 etiarm
1261 3343 1304 3389 uis
1317 3341 1441 3405 quomodo
1455 3340 1602 3407 accipienda

471 3405 561 3455 hatum
584 3403 678 3454 hemum
703 3411 743 3453 est
773 3411 800 3453 ct
823 3405 910 3470 optimi
930 3405 1015 3470 gladii
1057 3405 1106 3469 sit,
1134 3406 1247 3459 additum
1266 3412 1358 3459 tuscul
1375 3410 1460 3461 lconis
1479 3410 1600 3472 ostendit,

471 3474 545 3533 hunt,
558 3479 585 3521 ct
597 3471 654 3521 irleo
665 3486 699 3522 ex
711 3472 843 3538 prouincia
853 3473 948 3524 terrum
960 3476 1016 3524 lau·
1058 3474 1084 3525 h.
1099 3478 1121 3524 e'.
1135 3476 1224 3527 insana
1237 3477 1314 3527 animi
1332 3478 1387 3543 uis,
1409 3493 1474 3544 quae
1487 3478 1600 3530 coerceri
1626 3474 1632 3485 ”

471 3535 561 3591 deuit'.
581 3542 688 3592 -hcsoer,
719 3540 794 3592 Coul.
807 3541 889 3609 Epod.
911 3544 941 3593 17
963 3545 1013 3593 71:
1058 3544 1157 3611 nequit.

470 3615 644 3688 susspectus
661 3610 764 3661 Norico
783 3612 932 3663 recludere.
964 3612 1012 3663 Pli·
1111 3614 1153 3664 16.
1172 3616 1310 3665 stomacho
1324 3620 1434 3665 ucstro:
1455 3616 1602 3665 stomachus

471 3693 528 3729 urus
541 3676 597 3729 llil.
610 3677 738 3731 xxxiiii
752 3680 783 3729 41
797 3679 866 3746 (lt).
1057 3681 1113 3733 irae
1127 3684 1214 3747 sedes,
1227 3691 1257 3734 ut
1270 3683 1279 3733 l
1293 3684 1309 3733 6
1322 3684 1352 3733 6:
1364 3698 1480 3749 grauem
1490 3684 1601 3731 Pelidae

526 3765 566 3815 11,
594 3780 642 3814 m
665 3780 763 3816 papum
786 3770 874 3831 {gum
899 3783 948 3834 quo
973 3782 1015 3818 m
1057 3754 1237 3817 stomachum.
1265 3750 1327 3801 Hinc
1339 3751 1522 3813 stomachari,
1544 3756 1601 3801 cto-

379 3820 387 3827 ’
471 3833 595 3899 plurimae
607 3834 756 3885 molliuntur
768 3842 813 3886 aut
825 3836 1002 3888 absumuntur.
1057 3822 1212 3871 1140103113·

525 3918 649 3969 1346·
680 3918 795 3970 Almam
820 3922 1013 3974 „mationem
1112 3906 1223 3955 17-21.
1243 3902 1341 3954 Graues
1354 3916 1430 3952 casus
1443 3911 1600 3971 euentusque

471 3987 511 4037 sni
532 3988 569 4037 sic
595 3987 709 4054 prefert,
734 3996 763 4038 ut
781 3990 846 4039 iram
864 3990 897 4040 uh
915 3990 1014 4054 origine
1057 3970 1599 4053 ⁶¹il³⁰⁰⁰⁸⁰⁰¹¹tq⁸Pingit’.q¹.¹⁰¹¹⁸¹3²¹¹⁰¹¹¹

472 4056 556 4119 mm
580 4057 706 4107 humum
730 4058 884 4108 mortalibus
908 4059 1013 4109 inditam
1057 4041 1194 4091 aduersum
1207 4055 1265 4091 sese
1282 4054 1345 4115 iram
1359 4038 1483 4092 Canidiae
1501 4042 1599 4093 dissua-

471 4140 529 4175 esse
558 4124 725 4177 demonstret.
773 4118 950 4177 Prometheum
980 4142 1014 4177 ax
1057 4109 1126 4182 dm·
1610 4158 1613 4165 .

419 4215 422 4221 ·
471 4194 531 4243 limo
562 4194 676 4243 homines
705 4194 840 4258 lingentem
865 4211 880 4245 a
905 4194 1013 4246 Graecis
1110 4177 1235 4227 1743·
1257 4175 1497 4258 Tfilflii‘f'lfloel'ilb
1515 4183 1601 4245 810141

470 4262 577 4327 ,ῃωρςῑῑ
594 4262 715 4315 {pompus
734 4264 915 4328 (ppoppodoffls
934 4264 971 4313 Η
988 4264 1011 4327 1,
1056 4249 1198 4309 strauere:
1213 4244 1285 4297 Atrei
1300 4245 1387 4296 iratrrs
1400 4262 1456 4297 rrae
1469 4247 1600 4315 Thyesten

472 4330 689 4381 mmmmm·
701 4331 709 4382 Ι
721 4332 763 4395 31,
776 4330 975 4382 Pausnnmxp
986 4331 1012 4393 3,
1056 4313 1130 4377 graui
1142 4314 1222 4365 exitio
1235 4322 1390 4381 prostratum
1404 4316 1539 4367 dederunt.

471 4398 601 4449 Lucienus
614 4400 740 4451 Prometh.
755 4417 778 4449 c.
789 4401 815 4462 3,
831 4400 944 4466 Hyginus
959 4398 1011 4449 iah.
1110 4398 1151 4447 18.
1177 4399 1244 4449 altis
1262 4403 1388 4451 urhihus:
1415 4402 1493 4451 urbes
1513 4401 1600 4451 arduis

390 4465 393 4471 ’
473 4469 550 4534 tlh),
572 4469 616 4518 sed
635 4470 701 4519 idem
720 4484 765 4533 pro
779 4483 825 4517 suo
838 4467 945 4516 consilio
958 4467 1013 4533 ipsc
1056 4464 1120 4517 locis
1134 4466 1244 4534 allisque
1257 4471 1453 4537 propugnaculis
1466 4470 1587 4520 munitae.

472 4538 547 4587 linxit
570 4546 657 4587 cetere
681 4538 712 4586 de
743 4536 867 4601 particula
892 4536 1013 4600 undiquc
1109 4537 1222 4587 ultimae
1234 4545 1332 4590 stetere
1344 4555 1459 4589 causccs
1482 4538 1599 4600 ultimae,

472 4606 583 4662 demota,
605 4606 635 4655 de
648 4605 673 4654 ai
688 4604 768 4654 leonis
781 4603 910 4653 stomacho
925 4612 1013 4655 nostro
1058 4604 1123 4655 unde
1144 4613 1247 4659 ceterae
1266 4608 1388 4675 pereundi
1409 4622 1502 4661 causae
1524 4606 1602 4669 origi-

472 4674 598 4742 apposiia.
1058 4688 1113 4725 ueru
1134 4675 1275 4742 duxeruut,
1302 4678 1325 4726 h.
1341 4692 1363 4727 e.
1387 4676 1538 4742 praecipuae
1559 4675 1601 4724 uel
